3168 5180
665 508 842 582 ..47-

220 704 373 784 tamque
393 697 548 785 gratiam
576 697 842 783 persolverent,
878 694 1042 761 favorem
1077 692 1219 762 scilicet
1247 696 1284 760 et

222 824 511 910 flagrantissima
527 822 662 909 studia,
673 822 813 907 quibus
829 820 901 908 ipsi
916 820 1077 888 maxime
1094 838 1190 906 opus
1206 820 1284 886 erat

225 950 272 1017 ad
288 969 357 1017 sua
373 948 532 1017 consilia
546 947 786 1045 perficienda.
800 946 935 1014 Nonne
951 963 1083 1013 eorum
1099 944 1283 1029 omnium,

225 1076 457 1160 quicumque
489 1074 618 1160 patriae
652 1074 859 1141 libertatem
892 1072 1102 1158 opprimere
1137 1070 1285 1154 sibique

225 1200 415 1288 singulare
442 1201 641 1286 imperium
666 1205 701 1266 et
724 1199 863 1284 regiam
886 1203 1121 1284 potestatem,
1150 1195 1285 1281 spretis

225 1326 384 1412 legibus,
406 1343 536 1413 parare
556 1326 594 1391 in
612 1326 780 1392 animum
796 1323 1035 1409 induxerunt,
1053 1323 1135 1390 haec
1155 1321 1287 1389 eadem

226 1451 297 1520 fuit
315 1451 407 1519 ratio
427 1450 594 1535 viaque‘?

272 1576 603 1670 Praecipuamvoro
615 1575 740 1644 Caesar
754 1575 792 1642 in
809 1581 981 1644 senatum
998 1573 1286 1660 observantiam,

229 1703 339 1788 emus
359 1701 654 1787 haudquaquam
678 1703 802 1788 magni
823 1702 909 1771 fecit
929 1720 1068 1788 revera,
1090 1701 1181 1769 dum
1211 1699 1291 1768 Gal·

229 1827 318 1898 liam
339 1828 511 1912 obtinuit,
540 1828 809 1915 auctoritatem,
831 1829 955 1897 verbis
988 1831 1160 1896 ostentat.
1197 1825 1291 1906 Qua·

214 1967 318 2022 -nam
339 1953 438 2022 enim
456 1971 571 2022 causa
600 1972 640 2022 se
669 1953 839 2022 innixum
868 1972 952 2022 esse
986 1953 1160 2039 declarat,
1183 1955 1223 2018 ut

230 2079 416 2148 Ariovisto
436 2079 653 2166 postularet,
680 2097 727 2147 ne
750 2079 891 2149 AEduos
916 2078 977 2147 ille
1003 2071 1140 2165 injuria
1177 2078 1292 2146 laces·

232 2210 342 2291 seret,
360 2220 453 2272 neve
472 2204 531 2272 bis
552 2205 743 2289 sociisque
776 2223 907 2273 eorum
939 2204 1081 2273 bellum
1106 2201 1293 2271 inferret‘l

235 2331 394 2400 Senatus
428 2329 602 2398 consulto
627 2329 817 2414 quodam:
856 2352 872 2396 r<
901 2330 937 2399 Si
971 2348 1047 2398 non
1081 2328 1295 2415 impetraret

236 2443 479 2544 ttpostulata
513 2456 660 2544 Caesar),
700 2477 796 2545 sese,
827 2457 1007 2543 quoniam
1036 2457 1084 2525 M.
1120 2455 1292 2542 Messala,

236 2583 326 2651 «M.
363 2583 499 2652 Pisone
537 2585 760 2654 consulibus
789 2591 943 2654 senatus
981 2586 1194 2654 censuisset
1226 2583 1292 2670 uti,

237 2736 253 2776 «
279 2703 512 2797 quicumque
528 2711 684 2779 Galliam
703 2694 934 2798 provinciam
961 2713 1156 2799 obtineret,
1192 2711 1295 2796 quod

237 2864 253 2902 «
280 2838 480 2906 commodo
501 2836 717 2924 reipublicae
734 2840 855 2908 lacere
874 2845 1015 2927 posset,
1040 2839 1181 2908 AEduos
1201 2844 1297 2908 cete-

238 2982 420 3048 «rosque
454 2967 596 3034 amicos
628 2965 758 3052 populi
796 2966 954 3033 Romani
993 2965 1219 3052 detenderet,
1254 2983 1296 3033 se

238 3115 255 3153 «
280 3089 487 3158 AEduorum
513 3091 670 3177 injurias
686 3109 762 3158 non
783 3092 1040 3177 neglecturum
1062 3092 1082 3159 1.
1106 3116 1122 3156 »
1143 3116 1159 3154 «
1181 3092 1297 3160 Doce·

238 3239 254 3277 «
280 3214 343 3282 bat
374 3215 486 3282 etiam
509 3214 781 3303 (Ariovistum),
803 3233 918 3300 quam
935 3221 1080 3284 veteres
1105 3234 1296 3302 quamque

238 3362 255 3406 t
278 3341 390 3426 justae
416 3359 542 3409 causae
562 3341 853 3410 necessitudinis
873 3342 966 3428 ipsis
982 3345 1069 3411 oum
1088 3343 1219 3411 AEdnis
1238 3344 1295 3410 in-

145 3479 151 3486 '
238 3487 254 3531 t(
280 3466 524 3553 tercederent,
542 3484 628 3551 quae
649 3468 979 3536 senatusconsulta
999 3469 1148 3554 quoties
1168 3486 1297 3553 quam·

238 3610 312 3676 que
333 3590 542 3659 honorifica
573 3593 611 3658 in
637 3611 702 3660 eos
728 3591 824 3660 facta
845 3595 1011 3661 essent².
1036 3618 1051 3655 »
1084 3594 1176 3662 ltem
1194 3594 1298 3662 Ario-

237 3717 346 3801 visto,
380 3716 506 3785 Galliae
535 3717 818 3804 possessionem
851 3719 924 3787 sibi
958 3719 1173 3807 vindicanti,
1200 3720 1298 3805 Judi·

239 3841 341 3909 cium
379 3847 533 3910 senatus
567 3843 722 3929 opponit
760 3862 766 3909 :
814 3865 830 3908 (t
860 3843 897 3912 Si
927 3844 1112 3929 jndicium
1142 3850 1297 3912 senatus

240 3991 256 4028 «
283 3966 473 4034 observari
489 3971 686 4054 oporteret,
706 3959 859 4035 liberam
874 3969 1010 4036 debere
1026 3988 1110 4037 esse
1127 3970 1295 4055 Galliam,

240 4113 257 4155 t
284 4108 399 4175 quam
419 4092 517 4159 bello
537 4092 672 4159 victam
693 4093 773 4159 suis
794 4093 940 4179 legibus
967 4095 1019 4161 uti
1040 4095 1222 4162 voluisset
1236 4096 1258 4162 ³.
1278 4119 1295 4156 »

238 4217 352 4303 Atqui
376 4224 530 4286 senatus
556 4220 675 4305 major
707 4239 793 4306 pars
821 4240 866 4288 ex
889 4222 1112 4289 adversariis
1139 4222 1298 4291 Caesaris
1332 4225 1334 4232 ⁴

239 4345 447 4432 constabat,
465 4346 530 4432 qui
550 4347 637 4415 inde
652 4347 698 4416 ab
718 4366 817 4416 anno
836 4346 961 4416 698-56
976 4349 1021 4417 de
1037 4349 1250 4435 abroganda
1264 4349 1298 4418 ei

263 4557 514 4621 11,35,l.-21.
533 4559 844 4624 lassu-amo.
