3168 5180
671 528 849 598 ..59-

227 694 456 764 «Labienus
493 693 630 761 milites
669 693 887 760 cohortatus
926 696 967 759 ut
1004 711 1084 760 suae
1120 691 1287 778 pristinae

227 820 414 888 «virtutis
441 824 477 887 et
502 817 870 886 secundissimorum
900 816 1122 903 proeliorum
1155 815 1289 884 retine-

227 967 243 1010 «
269 948 353 1012 rent
378 943 600 1011 memoriam
634 947 745 1028 atque
777 943 903 1029 ipsum
939 941 1137 1028 Caesarem,
1178 943 1288 1027 cujus

226 1093 243 1136 <r
269 1072 386 1139 ductu
407 1086 669 1157 saepenumero
685 1069 834 1137 hostem
854 1074 1109 1156 superassent,
1124 1087 1288 1155 praesen-

227 1190 346 1264 «tem
373 1197 508 1264 adesse
534 1195 845 1263 existimarem...
865 1218 881 1255 »
915 1194 982 1261 His
1008 1193 1103 1261 locis
1137 1199 1288 1280 apparet

225 1339 340 1407 quam
372 1325 540 1388 amanter
571 1319 807 1403 fideliterque
836 1317 950 1385 dediti
984 1323 1112 1386 essent
1149 1318 1286 1386 milites

225 1446 439 1534 imperatori
463 1449 724 1530 quantumque
749 1443 888 1510 valeret
910 1443 956 1511 ad
978 1443 1308 1529 inflammandam,

224 1588 356 1639 eorum
376 1568 604 1637 alacritatem
619 1567 699 1635 sola
715 1567 835 1653 ipsius
855 1568 1076 1652 praesentia3
1098 1572 1285 1635 uteorum

225 1696 263 1763 in
282 1694 476 1764 laboribus
495 1693 698 1762 tolerandis
725 1693 977 1762 ‘constantiam
997 1692 1283 1779 perspiciamus

224 1821 315 1888 satis
335 1819 404 1887 erit
423 1816 673 1904 adscripsisse
691 1817 805 1885 verba
819 1816 959 1903 quibus
974 1816 1112 1884 Caesari
1132 1834 1285 1903 respon·
1364 1811 1371 1826 '

223 1945 371 2030 derunt,
397 1962 484 2012 cum
509 1944 542 2011 is
567 1942 707 2010 diceret
735 1960 789 2028 se,
819 1964 835 2006 r
858 1943 889 2010 si
917 1942 1090 2011 acerbius
1119 1943 1284 2029 inopiam

224 2093 240 2132 «
266 2069 416 2154 ferrent,
443 2067 691 2135 dimissurum
716 2066 881 2152 (Avaricil
909 2069 1225 2156 oppugnationem
1244 2089 1280 2136 a:

223 2216 239 2259 r
266 2193 438 2264 Universi
463 2193 509 2260 ab
539 2210 596 2278 ec,
625 2193 734 2259 naid
762 2192 911 2279 iaceret,
938 2194 1113 2279 petebant
1136 2215 1142 2260 :
1167 2195 1221 2262 sic
1242 2215 1283 2263 sc

224 2343 241 2380 «
265 2317 480 2403 complures
519 2333 640 2382 annos
673 2315 738 2385 illo
771 2316 976 2403 imperante
1005 2318 1203 2396 meruisse,
1244 2325 1285 2387 ut
1368 2389 1371 2398 ,

224 2459 240 2497 «
265 2433 407 2500 nullam
428 2431 673 2518 ignominiam
689 2431 912 2518 acciperent,
929 2451 1117 2518 nusquam
1147 2435 1284 2504 infecta

223 2585 240 2624 «
265 2579 304 2628 re
324 2560 576 2628 discederent:
596 2559 669 2628 hoc
685 2577 726 2626 se
741 2559 958 2644 ignominiae
978 2560 1120 2628 laturos
1135 2562 1232 2648 loco,
1251 2564 1284 2630 si

223 2710 239 2748 «
264 2685 451 2772 inceptam
471 2686 788 2772 oppugnationem
810 2684 1077 2771 reliquissent,
1103 2692 1281 2772 praestare

223 2828 397 2878 «omnes
429 2810 591 2896 perferre
621 2810 853 2895 acerbitates,
885 2827 1000 2895 quam
1029 2829 1105 2879 non
1135 2813 1281 2882 civibus

222 2960 238 2998 «
263 2936 456 3022 Romanis,
478 2936 543 3020 qui
564 2935 703 3003 Cenabi
730 2935 887 3022 perfidia
912 2936 1103 3005 Gallorum
1117 2937 1281 3009 interiis-

221 3087 237 3125 «
263 3067 358 3149 sent,
379 3060 649 3149 parentarent².
673 3085 690 3122 »
716 3062 886 3146 Denique
908 3062 1019 3130 liceat
1043 3064 1174 3134 afferre
1200 3069 1282 3154 pul·

219 3187 404 3256 cherrima
427 3188 476 3255 M.
489 3186 653 3255 Petronii
664 3188 897 3256 centurionis
912 3189 1036 3275 verba,
1048 3190 1125 3276 qui,
1137 3193 1183 3259 ad
1195 3193 1282 3262 Ger-

218 3314 364 3399 goviam
388 3312 627 3381 multitudine
656 3313 822 3380 hostium
852 3332 1070 3401 oppressus,
1091 3317 1176 3385 vitae
1200 3337 1280 3388 suae

216 3439 400 3523 iacturam
433 3437 531 3524 fecit,
567 3443 608 3505 ut
630 3438 792 3506 militum
822 3438 981 3506 salutem
1000 3448 1219 3526 procuraret
1237 3449 1277 3510 ³:

221 3589 237 3626 «
263 3563 460 3649 Quoniam,
482 3563 616 3649 inquit,
642 3580 703 3631 me
723 3581 798 3630 una
817 3553 1015 3632 vobiscum
1036 3585 1183 3636 servare
1204 3587 1279 3637 non

219 3706 432 3774 «possum,
460 3693 595 3756 vestrae
619 3687 774 3773 quidem
800 3693 899 3757 certe
926 3690 1011 3758 vitae
1037 3694 1278 3782 prospiciam,

220 3839 236 3877 «
262 3832 359 3900 quos
379 3814 582 3900 cupiditate
615 3814 744 3899 gloriae
777 3815 963 3884 adductus
997 3816 1034 3883 in
1068 3820 1279 3905 periculum

220 3964 237 4002 «
263 3940 410 4008 deduxi.
450 3940 525 4007 Vos
559 3940 644 4007 data
673 3940 847 4008 facultate
879 3942 988 4010 vobis
1021 3946 1206 4014 consulite
1211 4001 1277 4014 .....

219 4091 237 4130 α
261 4065 413 4134 Frustra
427 4082 521 4133 meae
537 4065 621 4132 vitae
639 4065 839 4133 subvenire
860 4069 1062 4155 conamini,
1075 4088 1189 4154 quem
1201 4073 1279 4158 jam

218 4217 235 4255 «
261 4191 415 4277 sanguis
433 4191 610 4276 viresque
639 4190 830 4259 deficiunt.
853 4191 1014 4262 Proinde
1047 4182 1162 4280 abite,
1187 4198 1278 4265 dum

219 4341 235 4380 «
261 4322 319 4386 est
337 4316 507 4402 facultas
529 4333 674 4402 vosque
694 4317 740 4383 ad
761 4317 946 4402 legionem
967 4320 1130 4407 recipite.
1154 4347 1170 4384 »
1194 4323 1279 4408 Qui·

244 4587 253 4621 1
269 4586 329 4649 vn,
343 4586 380 4648 52,
392 4585 412 4635 2.
430 4585 475 4620 Λ
489 4583 549 4646 Vll,
565 4585 600 4648 17,
613 4587 626 4636 5
643 4600 702 4651 sqq·
718 4588 771 4624 -3
789 4587 850 4649 VII,
867 4589 904 4651 50,
917 4589 931 4642 4
945 4604 999 4653 *qq-
