<?xml version="1.0" encoding="UTF-8"?>
<!DOCTYPE html PUBLIC "-//W3C//DTD XHTML 1.0 Transitional//EN"
    "http://www.w3.org/TR/xhtml1/DTD/xhtml1-transitional.dtd">
<html xmlns="http://www.w3.org/1999/xhtml" xml:lang="en" lang="en">
 <head>
  <title>
</title>
<meta http-equiv="Content-Type" content="text/html;charset=utf-8" />
  <meta name='ocr-system' content='tesseract 3.04.00' />
  <meta name='ocr-capabilities' content='ocr_page ocr_carea ocr_par ocr_line ocrx_word'/>
</head>
<body>
  <div class='ocr_page' id='page_1' title='image "./deorationibusqu00fabigoog_0059.png"; bbox 0 0 3152 5168; ppageno 0'>
   <div class='ocr_carea' id='block_1_1' title="bbox 750 541 927 610">
    <p class='ocr_par' dir='ltr' id='par_1_1' title="bbox 750 541 927 610">
     <span class='ocr_line' id='line_1_1' title="bbox 750 541 927 610; baseline 0 -18"><span class='ocrx_word' id='word_1_1' title='bbox 750 541 927 610; x_wconf 77' lang='lat'>..30-</span> 
     </span>
    </p>
   </div>
   <div class='ocr_carea' id='block_1_2' title="bbox 244 702 1364 4669">
    <p class='ocr_par' dir='ltr' id='par_1_2' title="bbox 244 702 1364 4669">
     <span class='ocr_line' id='line_1_2' title="bbox 309 702 1364 794; baseline 0.003 -23"><span class='ocrx_word' id='word_1_2' title='bbox 309 718 399 772; x_wconf 90' lang='lat' dir='ltr'>eum</span> <span class='ocrx_word' id='word_1_3' title='bbox 419 703 608 790; x_wconf 88' lang='lat' dir='ltr'>praeterire</span> <span class='ocrx_word' id='word_1_4' title='bbox 628 724 703 774; x_wconf 91' lang='lat' dir='ltr'>non</span> <span class='ocrx_word' id='word_1_5' title='bbox 731 713 861 794; x_wconf 90' lang='lat' dir='ltr'>posset</span> <span class='ocrx_word' id='word_1_6' title='bbox 884 723 998 793; x_wconf 88' lang='lat' dir='ltr'>quarn</span> <span class='ocrx_word' id='word_1_7' title='bbox 1027 702 1177 773; x_wconf 87' lang='lat' dir='ltr'>difficile</span> <span class='ocrx_word' id='word_1_8' title='bbox 1197 705 1364 776; x_wconf 84' lang='lat' dir='ltr'>futurum</span> 
     </span>
     <span class='ocr_line' id='line_1_3' title="bbox 309 830 1357 918; baseline 0 -22"><span class='ocrx_word' id='word_1_9' title='bbox 309 834 409 897; x_wconf 89' lang='grc'>00001</span> <span class='ocrx_word' id='word_1_10' title='bbox 427 830 637 917; x_wconf 81' lang='lat' dir='ltr'>legentibus</span> <span class='ocrx_word' id='word_1_11' title='bbox 656 833 869 902; x_wconf 86' lang='lat' dir='ltr'>istiusmodi</span> <span class='ocrx_word' id='word_1_12' title='bbox 888 832 1057 902; x_wconf 89' lang='lat' dir='ltr'>fraudem</span> <span class='ocrx_word' id='word_1_13' title='bbox 1077 831 1277 918; x_wconf 74' lang='lat' dir='ltr'>detegeret</span> <span class='ocrx_word' id='word_1_14' title='bbox 1351 891 1357 896; x_wconf 89' lang='lat'>.</span> 
     </span>
     <span class='ocr_line' id='line_1_4' title="bbox 244 954 1363 1052; baseline 0.004 -29"><span class='ocrx_word' id='word_1_15' title='bbox 244 1049 247 1052; x_wconf 21' lang='grc' dir='ltr'>Ι</span> <span class='ocrx_word' id='word_1_16' title='bbox 351 954 470 1042; x_wconf 82' lang='lat' dir='ltr'>Auget</span> <span class='ocrx_word' id='word_1_17' title='bbox 497 957 589 1025; x_wconf 88' lang='lat' dir='ltr'>illud</span> <span class='ocrx_word' id='word_1_18' title='bbox 616 965 795 1044; x_wconf 88' lang='lat' dir='ltr'>praeterea</span> <span class='ocrx_word' id='word_1_19' title='bbox 823 964 859 1028; x_wconf 91' lang='lat' dir='ltr'>et</span> <span class='ocrx_word' id='word_1_20' title='bbox 884 957 1082 1028; x_wconf 90' lang='lat' dir='ltr'>conlirmat</span> <span class='ocrx_word' id='word_1_21' title='bbox 1106 958 1363 1044; x_wconf 82' lang='lat' dir='ltr'>suspicionem</span> 
     </span>
     <span class='ocr_line' id='line_1_5' title="bbox 307 1080 1360 1172; baseline 0.005 -25"><span class='ocrx_word' id='word_1_22' title='bbox 307 1080 367 1148; x_wconf 91' lang='lat' dir='ltr'>his</span> <span class='ocrx_word' id='word_1_23' title='bbox 379 1082 455 1166; x_wconf 82' lang='lat' dir='ltr'>J&#39;am</span> <span class='ocrx_word' id='word_1_24' title='bbox 475 1084 602 1151; x_wconf 91' lang='lat' dir='ltr'>causis</span> <span class='ocrx_word' id='word_1_25' title='bbox 621 1085 930 1172; x_wconf 89' lang='lat' dir='ltr'>valentem,quod</span> <span class='ocrx_word' id='word_1_26' title='bbox 950 1084 995 1152; x_wconf 92' lang='lat' dir='ltr'>de</span> <span class='ocrx_word' id='word_1_27' title='bbox 1015 1084 1158 1152; x_wconf 92' lang='lat' dir='ltr'>ratione</span> <span class='ocrx_word' id='word_1_28' title='bbox 1173 1085 1360 1172; x_wconf 87' lang='lat' dir='ltr'>novimus,</span> 
     </span>
     <span class='ocr_line' id='line_1_6' title="bbox 307 1208 1362 1295; baseline 0.004 -22"><span class='ocrx_word' id='word_1_29' title='bbox 307 1223 421 1290; x_wconf 90' lang='lat' dir='ltr'>quam</span> <span class='ocrx_word' id='word_1_30' title='bbox 442 1212 585 1276; x_wconf 91' lang='lat' dir='ltr'>veteres</span> <span class='ocrx_word' id='word_1_31' title='bbox 618 1227 744 1278; x_wconf 90' lang='lat' dir='ltr'>rerum</span> <span class='ocrx_word' id='word_1_32' title='bbox 773 1210 974 1295; x_wconf 80' lang='lat' dir='ltr'>scriptores</span> <span class='ocrx_word' id='word_1_33' title='bbox 1001 1209 1039 1275; x_wconf 93' lang='lat' dir='ltr'>in</span> <span class='ocrx_word' id='word_1_34' title='bbox 1059 1208 1263 1277; x_wconf 82' lang='lat' dir='ltr'>referendis</span> <span class='ocrx_word' id='word_1_35' title='bbox 1281 1223 1362 1277; x_wconf 77' lang='lat' dir='ltr'>&#39;ora-</span> 
     </span>
     <span class='ocr_line' id='line_1_7' title="bbox 306 1331 1356 1421; baseline 0.006 -25"><span class='ocrx_word' id='word_1_36' title='bbox 306 1331 473 1400; x_wconf 89' lang='lat' dir='ltr'>tionibus</span> <span class='ocrx_word' id='word_1_37' title='bbox 498 1334 608 1420; x_wconf 81' lang='lat' dir='ltr'>vulgo</span> <span class='ocrx_word' id='word_1_38' title='bbox 631 1334 892 1402; x_wconf 90' lang='lat' dir='ltr'>adhibuerunt.</span> <span class='ocrx_word' id='word_1_39' title='bbox 924 1334 1026 1415; x_wconf 86' lang='lat' dir='ltr'>Quos</span> <span class='ocrx_word' id='word_1_40' title='bbox 1051 1352 1098 1400; x_wconf 91' lang='lat' dir='ltr'>ne</span> <span class='ocrx_word' id='word_1_41' title='bbox 1122 1333 1173 1401; x_wconf 92' lang='lat' dir='ltr'>ibi</span> <span class='ocrx_word' id='word_1_42' title='bbox 1192 1334 1356 1421; x_wconf 90' lang='lat' dir='ltr'>quidem,</span> 
     </span>
     <span class='ocr_line' id='line_1_8' title="bbox 306 1457 1358 1547; baseline 0.004 -23"><span class='ocrx_word' id='word_1_43' title='bbox 306 1457 371 1525; x_wconf 92' lang='lat' dir='ltr'>ubi</span> <span class='ocrx_word' id='word_1_44' title='bbox 394 1457 550 1526; x_wconf 83' lang='lat' dir='ltr'>facultas</span> <span class='ocrx_word' id='word_1_45' title='bbox 575 1460 697 1528; x_wconf 91' lang='lat' dir='ltr'>oblata</span> <span class='ocrx_word' id='word_1_46' title='bbox 724 1461 804 1547; x_wconf 83' lang='lat' dir='ltr'>fuit,</span> <span class='ocrx_word' id='word_1_47' title='bbox 834 1459 1034 1546; x_wconf 90' lang='lat' dir='ltr'>orationes,</span> <span class='ocrx_word' id='word_1_48' title='bbox 1060 1460 1191 1544; x_wconf 90' lang='lat' dir='ltr'>quales</span> <span class='ocrx_word' id='word_1_49' title='bbox 1223 1458 1358 1528; x_wconf 88' lang='lat' dir='ltr'>habitae</span> 
     </span>
     <span class='ocr_line' id='line_1_9' title="bbox 304 1583 1357 1671; baseline 0.002 -21"><span class='ocrx_word' id='word_1_50' title='bbox 304 1583 475 1671; x_wconf 83' lang='lat' dir='ltr'>fuissent,</span> <span class='ocrx_word' id='word_1_51' title='bbox 515 1585 745 1671; x_wconf 89' lang='lat' dir='ltr'>expressisse</span> <span class='ocrx_word' id='word_1_52' title='bbox 778 1585 1018 1653; x_wconf 82' lang='lat' dir='ltr'>manifestum</span> <span class='ocrx_word' id='word_1_53' title='bbox 1054 1590 1121 1652; x_wconf 86' lang='lat' dir='ltr'>est.</span> <span class='ocrx_word' id='word_1_54' title='bbox 1154 1584 1268 1669; x_wconf 81' lang='lat' dir='ltr'>CuJ‘us</span> <span class='ocrx_word' id='word_1_55' title='bbox 1305 1585 1357 1652; x_wconf 92' lang='lat' dir='ltr'>rei</span> 
     </span>
     <span class='ocr_line' id='line_1_10' title="bbox 304 1708 1358 1798; baseline 0.002 -22"><span class='ocrx_word' id='word_1_56' title='bbox 304 1709 450 1795; x_wconf 84' lang='lat' dir='ltr'>insigne</span> <span class='ocrx_word' id='word_1_57' title='bbox 477 1710 744 1778; x_wconf 88' lang='lat' dir='ltr'>documentum</span> <span class='ocrx_word' id='word_1_58' title='bbox 766 1711 907 1798; x_wconf 89' lang='lat' dir='ltr'>praebet</span> <span class='ocrx_word' id='word_1_59' title='bbox 932 1709 1172 1796; x_wconf 65' lang='lat' dir='ltr'>comparatio</span> <span class='ocrx_word' id='word_1_60' title='bbox 1205 1708 1251 1777; x_wconf 93' lang='lat' dir='ltr'>de</span> <span class='ocrx_word' id='word_1_61' title='bbox 1284 1728 1358 1795; x_wconf 92' lang='lat' dir='ltr'>qua</span> 
     </span>
     <span class='ocr_line' id='line_1_11' title="bbox 304 1825 1356 1922; baseline 0.002 -22"><span class='ocrx_word' id='word_1_62' title='bbox 304 1833 532 1902; x_wconf 89' lang='lat' dir='ltr'>mentionem</span> <span class='ocrx_word' id='word_1_63' title='bbox 566 1825 679 1920; x_wconf 71' lang='lat' dir='ltr'>s‘upra</span> <span class='ocrx_word' id='word_1_64' title='bbox 716 1835 887 1922; x_wconf 81' lang='lat' dir='ltr'>fecimus,</span> <span class='ocrx_word' id='word_1_65' title='bbox 926 1835 1105 1902; x_wconf 88' lang='lat' dir='ltr'>orationis</span> <span class='ocrx_word' id='word_1_66' title='bbox 1147 1853 1167 1901; x_wconf 90' lang='lat' dir='ltr'>a</span> <span class='ocrx_word' id='word_1_67' title='bbox 1204 1833 1356 1902; x_wconf 89' lang='lat' dir='ltr'>Claudio</span> 
     </span>
     <span class='ocr_line' id='line_1_12' title="bbox 303 1959 1356 2044; baseline 0.001 -19"><span class='ocrx_word' id='word_1_68' title='bbox 303 1959 525 2044; x_wconf 81' lang='lat' dir='ltr'>imperatore</span> <span class='ocrx_word' id='word_1_69' title='bbox 552 1977 680 2026; x_wconf 89' lang='lat' dir='ltr'>revera</span> <span class='ocrx_word' id='word_1_70' title='bbox 708 1959 844 2027; x_wconf 90' lang='lat' dir='ltr'>habitae</span> <span class='ocrx_word' id='word_1_71' title='bbox 865 1977 953 2027; x_wconf 91' lang='lat' dir='ltr'>cum</span> <span class='ocrx_word' id='word_1_72' title='bbox 981 1959 1148 2026; x_wconf 88' lang='lat' dir='ltr'>oratione</span> <span class='ocrx_word' id='word_1_73' title='bbox 1181 1976 1295 2044; x_wconf 89' lang='lat' dir='ltr'>quam</span> <span class='ocrx_word' id='word_1_74' title='bbox 1324 1959 1356 2026; x_wconf 92' lang='lat' dir='ltr'>ei</span> 
     </span>
     <span class='ocr_line' id='line_1_13' title="bbox 303 2082 1355 2170; baseline 0.001 -19"><span class='ocrx_word' id='word_1_75' title='bbox 303 2082 446 2151; x_wconf 84' lang='lat' dir='ltr'>affinxit</span> <span class='ocrx_word' id='word_1_76' title='bbox 464 2083 624 2152; x_wconf 76' lang='lat' dir='ltr'>Tacitus,</span> <span class='ocrx_word' id='word_1_77' title='bbox 651 2084 828 2167; x_wconf 86' lang='lat' dir='ltr'>Quamvis</span> <span class='ocrx_word' id='word_1_78' title='bbox 852 2085 951 2153; x_wconf 88' lang='lat' dir='ltr'>enim</span> <span class='ocrx_word' id='word_1_79' title='bbox 978 2103 1021 2152; x_wconf 92' lang='lat' dir='ltr'>ea</span> <span class='ocrx_word' id='word_1_80' title='bbox 1040 2085 1137 2150; x_wconf 88' lang='lat' dir='ltr'>inter</span> <span class='ocrx_word' id='word_1_81' title='bbox 1160 2088 1355 2170; x_wconf 89' lang='lat' dir='ltr'>utramque</span> 
     </span>
     <span class='ocr_line' id='line_1_14' title="bbox 303 2210 1355 2300; baseline 0.002 -22"><span class='ocrx_word' id='word_1_82' title='bbox 303 2210 508 2280; x_wconf 86' lang='lat' dir='ltr'>similitudo</span> <span class='ocrx_word' id='word_1_83' title='bbox 541 2212 756 2300; x_wconf 86' lang='lat' dir='ltr'>intercedat,</span> <span class='ocrx_word' id='word_1_84' title='bbox 794 2217 835 2280; x_wconf 98' lang='lat' dir='ltr'>ut</span> <span class='ocrx_word' id='word_1_85' title='bbox 866 2212 1159 2298; x_wconf 89' lang='lat' dir='ltr'>haudquaquam</span> <span class='ocrx_word' id='word_1_86' title='bbox 1196 2212 1355 2280; x_wconf 89' lang='lat' dir='ltr'>dubitari</span> 
     </span>
     <span class='ocr_line' id='line_1_15' title="bbox 302 2337 1352 2424; baseline 0.002 -20"><span class='ocrx_word' id='word_1_87' title='bbox 302 2342 414 2423; x_wconf 86' lang='lat' dir='ltr'>queat</span> <span class='ocrx_word' id='word_1_88' title='bbox 446 2337 543 2405; x_wconf 92' lang='lat' dir='ltr'>hanc</span> <span class='ocrx_word' id='word_1_89' title='bbox 576 2355 621 2406; x_wconf 92' lang='lat' dir='ltr'>ex</span> <span class='ocrx_word' id='word_1_90' title='bbox 649 2337 750 2405; x_wconf 91' lang='lat' dir='ltr'>illius</span> <span class='ocrx_word' id='word_1_91' title='bbox 784 2337 953 2424; x_wconf 89' lang='lat' dir='ltr'>exemplo</span> <span class='ocrx_word' id='word_1_92' title='bbox 982 2337 1229 2422; x_wconf 85' lang='lat' dir='ltr'>compositam</span> <span class='ocrx_word' id='word_1_93' title='bbox 1258 2355 1352 2424; x_wconf 90' lang='lat' dir='ltr'>esse,</span> 
     </span>
     <span class='ocr_line' id='line_1_16' title="bbox 265 2463 1355 2550; baseline -0.004 -14"><span class='ocrx_word' id='word_1_94' title='bbox 265 2506 270 2518; x_wconf 91' lang='lat'><strong>·</strong></span> <span class='ocrx_word' id='word_1_95' title='bbox 301 2463 505 2536; x_wconf 86' lang='lat' dir='ltr'>dissimiles</span> <span class='ocrx_word' id='word_1_96' title='bbox 539 2468 664 2532; x_wconf 90' lang='lat' dir='ltr'>tamen</span> <span class='ocrx_word' id='word_1_97' title='bbox 688 2482 733 2532; x_wconf 92' lang='lat' dir='ltr'>eo</span> <span class='ocrx_word' id='word_1_98' title='bbox 762 2463 922 2531; x_wconf 90' lang='lat' dir='ltr'>maxime</span> <span class='ocrx_word' id='word_1_99' title='bbox 948 2466 1048 2550; x_wconf 87' lang='lat' dir='ltr'>sunt,</span> <span class='ocrx_word' id='word_1_100' title='bbox 1078 2463 1181 2547; x_wconf 93' lang='lat' dir='ltr'>quod</span> <span class='ocrx_word' id='word_1_101' title='bbox 1209 2464 1355 2532; x_wconf 90' lang='lat' dir='ltr'>Tacitus</span> 
     </span>
     <span class='ocr_line' id='line_1_17' title="bbox 302 2588 1353 2678; baseline 0.002 -22"><span class='ocrx_word' id='word_1_102' title='bbox 302 2589 460 2675; x_wconf 90' lang='lat' dir='ltr'>ineptias</span> <span class='ocrx_word' id='word_1_103' title='bbox 489 2588 641 2657; x_wconf 89' lang='lat' dir='ltr'>sustulit</span> <span class='ocrx_word' id='word_1_104' title='bbox 672 2593 783 2674; x_wconf 90' lang='lat' dir='ltr'>atque</span> <span class='ocrx_word' id='word_1_105' title='bbox 806 2588 1048 2675; x_wconf 67' lang='lat' dir='ltr'>luxuriantes</span> <span class='ocrx_word' id='word_1_106' title='bbox 1079 2592 1120 2656; x_wconf 93' lang='grc'>111</span> <span class='ocrx_word' id='word_1_107' title='bbox 1147 2588 1196 2655; x_wconf 91' lang='lat' dir='ltr'>ita</span> <span class='ocrx_word' id='word_1_108' title='bbox 1220 2589 1353 2678; x_wconf 92' lang='lat' dir='ltr'>dicam,</span> 
     </span>
     <span class='ocr_line' id='line_1_18' title="bbox 301 2711 1355 2799; baseline 0.001 -20"><span class='ocrx_word' id='word_1_109' title='bbox 301 2712 454 2781; x_wconf 86' lang='lat' dir='ltr'>frondes</span> <span class='ocrx_word' id='word_1_110' title='bbox 469 2712 648 2799; x_wconf 88' lang='lat' dir='ltr'>repressit</span> <span class='ocrx_word' id='word_1_111' title='bbox 661 2715 697 2779; x_wconf 96' lang='grc'>01</span> <span class='ocrx_word' id='word_1_112' title='bbox 716 2712 890 2780; x_wconf 89' lang='lat' dir='ltr'>eximiam</span> <span class='ocrx_word' id='word_1_113' title='bbox 905 2712 1006 2780; x_wconf 92' lang='lat' dir='ltr'>illam</span> <span class='ocrx_word' id='word_1_114' title='bbox 1018 2711 1235 2780; x_wconf 87' lang='lat' dir='ltr'>brevitatem</span> <span class='ocrx_word' id='word_1_115' title='bbox 1248 2731 1355 2781; x_wconf 89' lang='lat' dir='ltr'>suam</span> 
     </span>
     <span class='ocr_line' id='line_1_19' title="bbox 301 2837 1358 2926; baseline -0.005 -21"><span class='ocrx_word' id='word_1_116' title='bbox 301 2856 368 2926; x_wconf 92' lang='lat' dir='ltr'>pro</span> <span class='ocrx_word' id='word_1_117' title='bbox 385 2838 515 2906; x_wconf 85' lang='lat' dir='ltr'>effusis</span> <span class='ocrx_word' id='word_1_118' title='bbox 536 2837 679 2905; x_wconf 86' lang='lat' dir='ltr'>Claudii</span> <span class='ocrx_word' id='word_1_119' title='bbox 703 2837 1013 2925; x_wconf 85' lang='lat' dir='ltr'>explicationibus</span> <span class='ocrx_word' id='word_1_120' title='bbox 1036 2837 1218 2924; x_wconf 89' lang='lat' dir='ltr'>praestitit.</span> <span class='ocrx_word' id='word_1_121' title='bbox 1249 2837 1358 2907; x_wconf 81' lang='lat' dir='ltr'>Eum.</span> 
     </span>
     <span class='ocr_line' id='line_1_20' title="bbox 301 2963 1357 3056; baseline 0 -25"><span class='ocrx_word' id='word_1_122' title='bbox 301 2963 387 3031; x_wconf 92' lang='lat' dir='ltr'>dem</span> <span class='ocrx_word' id='word_1_123' title='bbox 412 2967 557 3031; x_wconf 86' lang='lat' dir='ltr'>ceteros</span> <span class='ocrx_word' id='word_1_124' title='bbox 583 2980 727 3031; x_wconf 90' lang='lat' dir='ltr'>morem</span> <span class='ocrx_word' id='word_1_125' title='bbox 754 2963 996 3056; x_wconf 89' lang='lat' dir='ltr'>usurpavisse</span> <span class='ocrx_word' id='word_1_126' title='bbox 1019 2967 1181 3049; x_wconf 90' lang='lat' dir='ltr'>apparet,</span> <span class='ocrx_word' id='word_1_127' title='bbox 1203 2980 1291 3031; x_wconf 90' lang='lat' dir='ltr'>oum</span> <span class='ocrx_word' id='word_1_128' title='bbox 1312 2981 1357 3031; x_wconf 90' lang='lat' dir='ltr'>ex</span> 
     </span>
     <span class='ocr_line' id='line_1_21' title="bbox 301 3086 1356 3174; baseline 0 -18"><span class='ocrx_word' id='word_1_129' title='bbox 301 3087 383 3156; x_wconf 90' lang='lat' dir='ltr'>aliis</span> <span class='ocrx_word' id='word_1_130' title='bbox 404 3087 542 3174; x_wconf 88' lang='lat' dir='ltr'>causis,</span> <span class='ocrx_word' id='word_1_131' title='bbox 564 3092 645 3156; x_wconf 90' lang='grc'>11101</span> <span class='ocrx_word' id='word_1_132' title='bbox 673 3088 861 3157; x_wconf 90' lang='lat' dir='ltr'>edicendi</span> <span class='ocrx_word' id='word_1_133' title='bbox 883 3105 1030 3174; x_wconf 81' lang='lat' dir='ltr'>genere,</span> <span class='ocrx_word' id='word_1_134' title='bbox 1052 3086 1155 3173; x_wconf 90' lang='lat' dir='ltr'>quod</span> <span class='ocrx_word' id='word_1_135' title='bbox 1182 3088 1356 3173; x_wconf 89' lang='lat' dir='ltr'>personis</span> 
     </span>
     <span class='ocr_line' id='line_1_22' title="bbox 300 3211 1354 3317; baseline -0.001 -36"><span class='ocrx_word' id='word_1_136' title='bbox 300 3218 408 3302; x_wconf 87' lang='lat' dir='ltr'>gente</span> <span class='ocrx_word' id='word_1_137' title='bbox 432 3232 475 3281; x_wconf 90' lang='lat' dir='ltr'>ac</span> <span class='ocrx_word' id='word_1_138' title='bbox 502 3218 670 3300; x_wconf 87' lang='lat' dir='ltr'>ternpore</span> <span class='ocrx_word' id='word_1_139' title='bbox 690 3213 847 3283; x_wconf 87' lang='lat' dir='ltr'>diversis</span> <span class='ocrx_word' id='word_1_140' title='bbox 867 3213 943 3282; x_wconf 88' lang='lat' dir='ltr'>fere</span> <span class='ocrx_word' id='word_1_141' title='bbox 971 3212 1071 3317; x_wconf 83' lang='lat' dir='ltr'>idem</span> <span class='ocrx_word' id='word_1_142' title='bbox 1095 3211 1354 3300; x_wconf 84' lang='lat' dir='ltr'>attribuerunt,</span> 
     </span>
     <span class='ocr_line' id='line_1_23' title="bbox 300 3338 1353 3428; baseline -0.002 -19"><span class='ocrx_word' id='word_1_143' title='bbox 300 3343 432 3409; x_wconf 91' lang='lat' dir='ltr'>utnon</span> <span class='ocrx_word' id='word_1_144' title='bbox 448 3341 540 3427; x_wconf 91' lang='lat' dir='ltr'>ipsae</span> <span class='ocrx_word' id='word_1_145' title='bbox 555 3340 659 3426; x_wconf 92' lang='lat' dir='ltr'>loqui</span> <span class='ocrx_word' id='word_1_146' title='bbox 678 3340 885 3426; x_wconf 90' lang='lat' dir='ltr'>videantur,</span> <span class='ocrx_word' id='word_1_147' title='bbox 903 3341 971 3409; x_wconf 90' lang='lat' dir='ltr'>sed</span> <span class='ocrx_word' id='word_1_148' title='bbox 985 3358 1053 3428; x_wconf 91' lang='lat' dir='ltr'>pro</span> <span class='ocrx_word' id='word_1_149' title='bbox 1068 3338 1161 3426; x_wconf 89' lang='lat' dir='ltr'>ipsis</span> <span class='ocrx_word' id='word_1_150' title='bbox 1182 3339 1353 3425; x_wconf 90' lang='lat' dir='ltr'>scriptor.</span> 
     </span>
     <span class='ocr_line' id='line_1_24' title="bbox 300 3464 1353 3551; baseline -0.001 -18"><span class='ocrx_word' id='word_1_151' title='bbox 300 3465 408 3547; x_wconf 83' lang='lat' dir='ltr'>Quod</span> <span class='ocrx_word' id='word_1_152' title='bbox 436 3483 550 3551; x_wconf 88' lang='lat' dir='ltr'>quarn</span> <span class='ocrx_word' id='word_1_153' title='bbox 584 3466 632 3535; x_wconf 90' lang='lat' dir='ltr'>ob</span> <span class='ocrx_word' id='word_1_154' title='bbox 661 3482 740 3533; x_wconf 91' lang='grc'>1010</span> <span class='ocrx_word' id='word_1_155' title='bbox 769 3465 923 3532; x_wconf 82' lang='grc'>10001101</span> <span class='ocrx_word' id='word_1_156' title='bbox 951 3484 1027 3534; x_wconf 88' lang='grc'>000</span> <span class='ocrx_word' id='word_1_157' title='bbox 1055 3464 1261 3533; x_wconf 92' lang='lat' dir='ltr'>obscurum</span> <span class='ocrx_word' id='word_1_158' title='bbox 1285 3469 1353 3532; x_wconf 90' lang='lat' dir='ltr'>est.</span> 
     </span>
     <span class='ocr_line' id='line_1_25' title="bbox 299 3572 1356 3677; baseline -0.002 -17"><span class='ocrx_word' id='word_1_159' title='bbox 299 3591 478 3677; x_wconf 86' lang='lat' dir='ltr'>Primum,</span> <span class='ocrx_word' id='word_1_160' title='bbox 517 3609 604 3659; x_wconf 88' lang='lat' dir='ltr'>curn</span> <span class='ocrx_word' id='word_1_161' title='bbox 644 3572 771 3659; x_wconf 86' lang='grc'>000001</span> <span class='ocrx_word' id='word_1_162' title='bbox 807 3589 1097 3676; x_wconf 87' lang='lat' dir='ltr'>pulchritudinis</span> <span class='ocrx_word' id='word_1_163' title='bbox 1130 3589 1356 3659; x_wconf 87' lang='lat' dir='ltr'>amantiores</span> 
     </span>
     <span class='ocr_line' id='line_1_26' title="bbox 300 3711 1357 3799; baseline -0.004 -17"><span class='ocrx_word' id='word_1_164' title='bbox 300 3732 414 3799; x_wconf 91' lang='lat' dir='ltr'>quam</span> <span class='ocrx_word' id='word_1_165' title='bbox 428 3713 605 3799; x_wconf 88' lang='lat' dir='ltr'>veritatis,</span> <span class='ocrx_word' id='word_1_166' title='bbox 623 3714 790 3780; x_wconf 91' lang='lat' dir='ltr'>animum</span> <span class='ocrx_word' id='word_1_167' title='bbox 811 3711 1047 3780; x_wconf 88' lang='lat' dir='ltr'>attenderunt</span> <span class='ocrx_word' id='word_1_168' title='bbox 1066 3716 1109 3779; x_wconf 97' lang='lat' dir='ltr'>ut</span> <span class='ocrx_word' id='word_1_169' title='bbox 1130 3729 1231 3779; x_wconf 93' lang='lat' dir='ltr'>unus</span> <span class='ocrx_word' id='word_1_170' title='bbox 1256 3715 1357 3779; x_wconf 92' lang='lat' dir='ltr'>esset</span> 
     </span>
     <span class='ocr_line' id='line_1_27' title="bbox 300 3836 1355 3926; baseline -0.004 -18"><span class='ocrx_word' id='word_1_171' title='bbox 300 3839 424 3926; x_wconf 90' lang='lat' dir='ltr'>operis</span> <span class='ocrx_word' id='word_1_172' title='bbox 437 3839 552 3925; x_wconf 89' lang='lat' dir='ltr'>color,</span> <span class='ocrx_word' id='word_1_173' title='bbox 570 3856 674 3926; x_wconf 91' lang='lat' dir='ltr'>neve,</span> <span class='ocrx_word' id='word_1_174' title='bbox 686 3837 972 3906; x_wconf 89' lang='lat' dir='ltr'>occurrentibus</span> <span class='ocrx_word' id='word_1_175' title='bbox 982 3837 1124 3924; x_wconf 89' lang='lat' dir='ltr'>passim</span> <span class='ocrx_word' id='word_1_176' title='bbox 1136 3836 1355 3923; x_wconf 91' lang='lat' dir='ltr'>multiplicis</span> 
     </span>
     <span class='ocr_line' id='line_1_28' title="bbox 300 3961 1355 4050; baseline -0.005 -17"><span class='ocrx_word' id='word_1_177' title='bbox 300 3965 374 4033; x_wconf 89' lang='lat' dir='ltr'>stili</span> <span class='ocrx_word' id='word_1_178' title='bbox 394 3964 500 4050; x_wconf 91' lang='lat' dir='ltr'>locis,</span> <span class='ocrx_word' id='word_1_179' title='bbox 522 3963 752 4048; x_wconf 90' lang='lat' dir='ltr'>quibusdam</span> <span class='ocrx_word' id='word_1_180' title='bbox 780 3963 1114 4048; x_wconf 88' lang='lat' dir='ltr'>discrepantiarum</span> <span class='ocrx_word' id='word_1_181' title='bbox 1144 3961 1253 4045; x_wconf 90' lang='lat' dir='ltr'>quasi</span> <span class='ocrx_word' id='word_1_182' title='bbox 1279 3977 1355 4028; x_wconf 90' lang='lat' dir='ltr'>ma·</span> 
     </span>
     <span class='ocr_line' id='line_1_29' title="bbox 300 4086 1355 4182; baseline -0.007 -23"><span class='ocrx_word' id='word_1_183' title='bbox 300 4090 395 4160; x_wconf 91' lang='lat' dir='ltr'>culis</span> <span class='ocrx_word' id='word_1_184' title='bbox 422 4092 732 4174; x_wconf 82' lang='lat' dir='ltr'>conspergeretur</span> <span class='ocrx_word' id='word_1_185' title='bbox 749 4107 756 4172; x_wconf 93' lang='lat'>;</span> <span class='ocrx_word' id='word_1_186' title='bbox 774 4087 909 4182; x_wconf 91' lang='lat' dir='ltr'>deinde</span> <span class='ocrx_word' id='word_1_187' title='bbox 929 4106 1080 4174; x_wconf 89' lang='lat' dir='ltr'>operam</span> <span class='ocrx_word' id='word_1_188' title='bbox 1097 4086 1291 4172; x_wconf 89' lang='lat' dir='ltr'>dederunt,</span> <span class='ocrx_word' id='word_1_189' title='bbox 1314 4091 1355 4153; x_wconf 90' lang='lat' dir='ltr'>ut</span> 
     </span>
     <span class='ocr_line' id='line_1_30' title="bbox 300 4208 1354 4296; baseline -0.006 -13"><span class='ocrx_word' id='word_1_190' title='bbox 300 4212 476 4283; x_wconf 89' lang='lat' dir='ltr'>adhibitis</span> <span class='ocrx_word' id='word_1_191' title='bbox 505 4211 776 4279; x_wconf 88' lang='lat' dir='ltr'>mutationibus</span> <span class='ocrx_word' id='word_1_192' title='bbox 799 4211 986 4280; x_wconf 85' lang='lat' dir='ltr'>orationes</span> <span class='ocrx_word' id='word_1_193' title='bbox 1006 4209 1198 4296; x_wconf 88' lang='lat' dir='ltr'>proposito</span> <span class='ocrx_word' id='word_1_194' title='bbox 1218 4208 1354 4277; x_wconf 87' lang='lat' dir='ltr'>melius</span> 
     </span>
     <span class='ocr_line' id='line_1_31' title="bbox 299 4334 1350 4422; baseline -0.004 -17"><span class='ocrx_word' id='word_1_195' title='bbox 299 4337 532 4422; x_wconf 88' lang='lat' dir='ltr'>inservirent,</span> <span class='ocrx_word' id='word_1_196' title='bbox 563 4335 672 4420; x_wconf 74' lang='lat' dir='ltr'>quus</span> <span class='ocrx_word' id='word_1_197' title='bbox 710 4335 891 4422; x_wconf 89' lang='lat' dir='ltr'>propositi</span> <span class='ocrx_word' id='word_1_198' title='bbox 927 4335 1042 4422; x_wconf 81' lang='lat' dir='ltr'>gratia</span> <span class='ocrx_word' id='word_1_199' title='bbox 1077 4334 1350 4402; x_wconf 91' lang='lat' dir='ltr'>inserebantur.</span> 
     </span>
     <span class='ocr_line' id='line_1_32' title="bbox 298 4459 1353 4549; baseline -0.006 -18"><span class='ocrx_word' id='word_1_200' title='bbox 298 4464 479 4549; x_wconf 90' lang='lat' dir='ltr'>Denique,</span> <span class='ocrx_word' id='word_1_201' title='bbox 510 4480 598 4531; x_wconf 89' lang='lat' dir='ltr'>cum</span> <span class='ocrx_word' id='word_1_202' title='bbox 622 4460 809 4529; x_wconf 90' lang='lat' dir='ltr'>orationes</span> <span class='ocrx_word' id='word_1_203' title='bbox 835 4477 962 4528; x_wconf 87' lang='lat' dir='ltr'>revera</span> <span class='ocrx_word' id='word_1_204' title='bbox 985 4460 1103 4528; x_wconf 89' lang='lat' dir='ltr'>dictas</span> <span class='ocrx_word' id='word_1_205' title='bbox 1131 4459 1353 4545; x_wconf 89' lang='lat' dir='ltr'>plerumque</span> 
     </span>
     <span class='ocr_line' id='line_1_33' title="bbox 297 4561 1354 4669; baseline -0.006 -14"><span class='ocrx_word' id='word_1_206' title='bbox 297 4561 527 4657; x_wconf 87' lang='lat' dir='ltr'>inmanibus</span> <span class='ocrx_word' id='word_1_207' title='bbox 543 4602 618 4654; x_wconf 92' lang='lat' dir='ltr'>non</span> <span class='ocrx_word' id='word_1_208' title='bbox 642 4583 823 4654; x_wconf 88' lang='lat' dir='ltr'>haberent</span> <span class='ocrx_word' id='word_1_209' title='bbox 846 4587 957 4669; x_wconf 88' lang='lat' dir='ltr'>atque</span> <span class='ocrx_word' id='word_1_210' title='bbox 976 4600 1078 4663; x_wconf 86' lang='lat' dir='ltr'>nune</span> <span class='ocrx_word' id='word_1_211' title='bbox 1098 4581 1222 4669; x_wconf 89' lang='lat' dir='ltr'>verba,</span> <span class='ocrx_word' id='word_1_212' title='bbox 1251 4596 1354 4651; x_wconf 90' lang='lat' dir='ltr'>nuno</span> 
     </span>
    </p>
   </div>
   <div class='ocr_carea' id='block_1_3' title="bbox 0 0 1580 5168">
    <p class='ocr_par' dir='ltr' id='par_1_3' title="bbox 0 0 1580 5168">
     <span class='ocr_line' id='line_1_34' title="bbox 0 0 1580 5168; baseline 0 3"><span class='ocrx_word' id='word_1_213' title='bbox 0 0 1580 5168; x_wconf 95' lang='lat' dir='ltr'> </span> 
     </span>
    </p>
   </div>
  </div>
 </body>
</html>
