3152 5168
618 510 798 580 ..35-

177 691 252 761 que
273 690 348 740 non
369 672 407 739 in
435 677 641 761 posterum,
681 674 749 742 sed
782 671 906 741 statim
935 670 1035 757 apud
1072 670 1241 758 aequales

178 786 356 885 civesque
390 816 493 866 suos.
525 799 656 885 Neque
687 818 777 868 vero
810 797 1083 868 existimandus
1112 802 1170 867 est
1197 815 1241 866 ea

178 931 304 996 mente
338 923 614 992 Commentarios
648 924 923 1011 composuisse,
959 928 1000 990 ut
1036 924 1242 992 litterarum

182 1055 473 1119 monumentum
488 1049 644 1135 erigeret
659 1050 808 1135 sibique
824 1050 961 1116 famam
976 1049 1102 1116 eximii
1118 1066 1244 1116 rerum

182 1175 377 1261 scriptoris
406 1180 649 1260 compararet.
686 1174 923 1261 Conspicuus
957 1173 1110 1258 quidem
1141 1173 1244 1241 omni

182 1307 350 1386 tempore
370 1299 439 1367 fuit
458 1301 596 1387 studio,
614 1319 690 1386 quo
711 1302 757 1368 ad
773 1301 933 1386 quodvis
959 1275 1164 1368 litterarum
1183 1317 1245 1385 ge-

184 1441 258 1491 nus
280 1425 479 1511 ferebatur,
501 1429 612 1510 atque
642 1425 842 1512 diligentia,
860 1444 974 1511 quam
994 1426 1032 1492 in
1048 1425 1102 1493 eis
1125 1424 1248 1492 colen-

185 1549 244 1617 dis
263 1550 445 1637 ponebat;
467 1552 534 1618 sed
554 1550 608 1619 eis
625 1569 777 1637 operam
798 1551 899 1619 dedit
927 1551 1004 1619 sive
1032 1550 1245 1637 voluptatis

186 1683 265 1752 sive
285 1683 485 1768 cujusdam
512 1684 679 1752 utilitatis
708 1703 835 1769 causa,
867 1703 991 1769 neque
1019 1702 1189 1770 unquam
1210 1687 1251 1750 ut

186 1809 283 1877 inter
307 1826 479 1876 summos
504 1809 707 1895 scriptores
735 1810 843 1877 locus
863 1809 936 1878 sibi
952 1810 1113 1878 daretur.
1136 1809 1251 1878 Cons-

190 1935 322 2021 cripsit
336 1934 377 2001 do
395 1934 574 2022 Aoolopiu
594 1936 710 2004 libros
730 1937 751 2022 ¹,
768 1955 866 2022 quos
887 1936 933 2004 ad
949 1936 1168 2004 Ciceronem
1187 1935 1254 2003 mi·

187 2062 247 2147 sit,
270 2066 322 2147 ut,
344 2061 383 2127 in
416 2061 574 2128 transitu
605 2060 768 2148 Alpium,
794 2061 906 2129 taedIa
938 2061 1082 2130 itineris
1114 2062 1253 2130 levaret

190 2188 394 2271 animoque
414 2192 555 2272 gratam
585 2187 871 2272 occupationem
892 2187 1157 2273 suppeditaret.
1184 2186 1255 2254 Na·

191 2309 351 2377 turalem
366 2308 517 2376 dicendi
540 2309 755 2376 facultatem
780 2309 927 2377 cultura
946 2309 1047 2376 auxit
1062 2314 1098 2377 et
1119 2308 1256 2395 expoli-

190 2435 254 2522 vit,
285 2441 326 2502 ut
351 2438 453 2503 tanto
482 2435 546 2502 illo
576 2434 792 2520 adjumento
813 2439 980 2502 uteretur
1012 2435 1058 2502 ad
1091 2434 1255 2503 honores

192 2560 459 2648 adipiscendos
492 2560 785 2647 dignitatemque
814 2579 924 2628 suam
939 2537 1253 2647 amplificandam.

192 2685 317 2754 Edidit
330 2683 558 2752 Anticatones
579 2686 689 2771 111100,
716 2691 757 2752 ut
776 2686 899 2752 virum
920 2686 1027 2754 illum
1045 2686 1259 2754 inimicissi-

193 2829 297 2881 mum
327 2811 400 2878 sibi
426 2816 538 2896 atque
564 2811 801 2898 acerrimum,
830 2811 921 2879 dum
950 2811 1049 2898 vixit,
1087 2812 1258 2880 adversa-

194 2937 306 3024 rium,
341 2942 428 3022 post
460 2941 619 3005 mortem
639 2937 842 3004 summisa
868 2937 1048 3005 Cicerone
1081 2937 1258 3004 laudibus

195 3067 382 3148 ornatum,
405 3062 602 3148 splendida
621 3062 684 3130 illa
705 3063 815 3147 quasi
834 3069 936 3131 veste
960 3063 1149 3149 spoliaret,
1171 3062 1261 3148 quia

195 3189 307 3275 plane
322 3187 559 3272 intellegebat
573 3186 760 3272 ejusmodi
776 3187 1057 3256 laudationesin
1069 3188 1260 3275 suiipsius

197 3311 479 3382 accusationem
499 3311 613 3380 abire.
634 3311 886 3380 Commentario·
914 3332 1067 3398 quoque
1091 3313 1180 3380 huic
1204 3331 1263 3398 ge·

198 3438 279 3508 neri
300 3438 527 3524 scriptorum
542 3437 814 3505 adnumerandi
835 3443 935 3525 sunt,
953 3439 1153 3524 exquibus
1168 3438 1264 3506 utili-

199 3568 312 3633 tatem
339 3562 543 3647 quamdam
573 3563 610 3629 in
640 3580 822 3648 praesens,
854 3580 930 3630 non
964 3564 1064 3649 apud
1091 3568 1263 3650 posteros

200 3689 298 3758 bene
322 3687 513 3757 scribendi
539 3687 707 3774 gloriam,
737 3687 921 3773 sperabat.
947 3712 963 3750 «
991 3687 1029 3756 Si
1044 3688 1077 3756 ei
1099 3688 1263 3773 contigit,

203 3841 220 3879 «
247 3821 289 3884 ut
307 3815 485 3884 omnibus
505 3815 739 3902 temporibus
760 3815 797 3880 in
821 3815 981 3882 sunnuis
1006 3821 1267 3884 numeraretur

204 3968 221 4005 «
247 3959 373 4009 rerum
389 3940 650 4026 scriptoribus
668 3945 801 4007 nactus
817 3945 885 4026 est,
896 3959 1011 4025 quam
1027 3959 1150 4027 neque
1166 3960 1268 4026 quae-

205 4071 334 4162 «sivit
365 4087 489 4154 neque
518 4085 668 4154 sperare
701 4069 833 4154 potuit,
860 4069 1009 4154 famam,
1048 4069 1081 4136 si
1114 4069 1268 4153 quidem

207 4221 224 4260 «
249 4201 349 4264 recte
369 4195 415 4263 de
435 4182 607 4278 consilio,
636 4211 712 4278 quo
742 4193 870 4279 scripti
886 4196 976 4261 sunt
1003 4192 1267 4280 Commoutora'i²

209 4347 225 4385 «
249 4321 477 4408 judicamus.
508 4319 600 4388 Vere
625 4320 725 4387 enim
746 4319 888 4386 dictum
909 4325 977 4406 est,
1000 4319 1032 4386 si
1065 4320 1112 4387 ad
1145 4337 1270 4387 rerum

234 4545 247 4580 ¹
261 4546 300 4600 CI.
312 4546 344 4596 de
353 4546 394 4596 his
406 4545 526 4596 omnibus
538 4544 644 4595 Gaesaris
656 4543 730 4594 libris
742 4543 853 4604 Kraner,
882 4542 958 4608 ibid,
973 4543 1039 4592 VIII
1057 4557 1117 4607 sqq.
