3152 5168
780 577 957 652 ..20-

329 723 436 828 mur,
460 733 592 810 melior
610 725 702 810 ratio
722 742 826 811 reddi
849 759 975 829 posse,
998 759 1066 808 eur
1088 759 1184 827 opus
1204 758 1265 808 res
1281 743 1397 807 extre-

337 867 411 935 mis
435 866 586 936 duobus
619 869 728 936 annis
754 869 793 936 in
819 869 935 938 Gallia
958 873 1081 955 gestas
1106 885 1182 936 non
1212 866 1398 952 compleo-

339 996 448 1079 tatur,
472 1009 568 1077 quas
601 993 661 1059 vix
686 993 839 1063 eredere
867 1011 1025 1080 possum
1056 991 1242 1062 Caesarem
1263 989 1394 1074 Hirtio,

338 1117 397 1184 vel
416 1117 546 1185 nesoio
566 1118 640 1203 oui,
657 1118 857 1186 tradendas
879 1119 1098 1186 relicturum
1118 1117 1247 1202 fuisse,
1262 1116 1295 1182 si
1313 1120 1394 1182 tum

335 1243 565 1331 inpromptu
584 1242 791 1331 habuisset,
823 1262 911 1312 oum
937 1243 1213 1311 Commentarios
1233 1239 1274 1308 de
1291 1237 1393 1306 Bello

339 1365 474 1436 Guttioo
499 1369 660 1456 scripsit.
690 1369 778 1438 Sed
802 1373 1008 1455 utcumque
1028 1386 1069 1436 66
1093 1387 1136 1436 66
1163 1384 1224 1435 res
1248 1365 1391 1451 habuit,

336 1492 474 1563 Caesari
493 1494 565 1563 hos
587 1495 703 1564 libros
731 1494 970 1581 componenti
992 1493 1088 1562 faeta
1108 1492 1293 1561 narranda
1316 1491 1394 1559 iue-

336 1623 424 1688 runt
443 1619 617 1706 dietaque
636 1619 843 1708 referenda,
866 1638 1029 1707 quorum
1053 1621 1231 1707 pleraque
1253 1619 1395 1704 aliquot

333 1744 411 1831 Jam
431 1745 541 1814 anuis
560 1751 818 1832 provenerant.

382 1869 475 1951 Quae
500 1887 586 1937 oum
607 1870 657 1938 ita
676 1871 762 1958 sint,
785 1889 910 1939 nonne
926 1871 1155 1940 eredendum
1175 1875 1233 1939 est
1251 1868 1394 1938 eumin

338 1996 539 2066 scribendo
555 1997 784 2081 quibusdam
800 1997 1005 2065 litterarum
1025 1997 1205 2066 subsidiis
1225 1997 1395 2082 adJ'utum

337 2117 477 2190 esse¹i
509 2119 775 2207 Ephemerides
802 2121 968 2208 quidem,
994 2121 1032 2189 id
1056 2126 1113 2189 est
1138 2119 1396 2189 commentarii

337 2245 475 2332 diurni,
491 2246 536 2314 ab
552 2245 611 2332 iis,
629 2264 726 2332 quos
742 2246 937 2333 habemus
951 2245 1229 2314 commentariis
1245 2246 1395 2331 diversi,

337 2371 478 2458 quibus
499 2371 684 2457 quidquid
699 2371 1119 2456 quotidiememorabile
1139 2377 1263 2440 aetum
1283 2376 1395 2456 esset,

338 2497 586 2583 exposuisset,
614 2497 703 2564 olim
723 2496 1030 2565 existimabantur
1049 2496 1165 2564 fuisse
1183 2517 1191 2583 3
1208 2514 1310 2564 nuno
1329 2497 1397 2564 fal-

338 2641 421 2692 sam
440 2641 525 2692 6666
545 2623 646 2691 illam
667 2623 883 2710 opinionem
904 2623 1131 2691 declaratum
1152 2628 1219 2711 est,
1242 2642 1328 2709 quae
1361 2629 1398 2692 et

339 2767 407 2838 per
421 2768 461 2818 66
481 2749 563 2836 ipsa
581 2768 714 2836 parum
742 2749 946 2836 probabilis
974 2754 1042 2836 est,
1064 2767 1187 2835 neque
1207 2750 1282 2818 ullo
1302 2755 1399 2818 vete·

338 2875 424 2972 rum
439 2874 539 2960 gravi
562 2874 775 2942 testimonio
796 2874 1091 2943 commendatur.
1114 2875 1244 2960 Neque
1272 2880 1397 2943 tamen

338 2999 466 3070 Caesar
489 2999 638 3086 seriptis
661 3017 817 3086 prorsus
838 3000 1039 3068 destitutus
1059 3005 1095 3068 et
1113 3001 1306 3068 memoriae
1326 3000 1398 3069 soli

341 3125 511 3195 confisus
531 3126 578 3193 ad
598 3143 749 3212 operam
765 3143 806 3194 66
822 3125 991 3193 aeoinxit.
1010 3125 1177 3193 Primum
1193 3125 1293 3194 enim
1309 3143 1398 3193 eon-

341 3256 564 3320 sentaneum
583 3257 640 3320 est
659 3269 745 3319 eum
762 3251 834 3319 sibi
863 3250 1069 3319 servavisse
1088 3250 1248 3337 effigiem
1264 3251 1399 3338 episto-

316 3378 475 3464 vlarum,
492 3376 632 3462 quibus
665 3376 711 3444 ad
740 3381 911 3446 senatum
931 3375 1006 3444 fine
1030 3376 1117 3443 anni
1146 3376 1332 3462 cujusque
1351 3375 1399 3444 de

342 3485 457 3572 rebus
476 3522 496 3570 a
521 3519 562 3571 se
581 3502 694 3587 gestis
716 3501 898 3570 referebat
914 3519 922 3587 ;
950 3500 1103 3568 aderaut
1122 3502 1290 3588 epistolae
1310 3521 1331 3569 a
1349 3502 1401 3570 16-

340 3629 435 3716 'gatis
455 3627 501 3695 ad
516 3627 777 3714 imperatorem
797 3627 893 3694 datae
912 3626 958 3694 de
976 3626 1085 3694 bellis
1101 3626 1228 3695 aliisve
1239 3627 1399 3714 negotiis

340 3753 490 3840 longius
510 3753 555 3821 ab
575 3753 638 3821 illo
666 3753 818 3840 patratis
836 3773 844 3839 ;
866 3752 1066 3838 quaestoris
1085 3753 1249 3821 rationes
1269 3771 1399 3822 nume-

340 3897 425 3949 rum
445 3879 689 3966 captivorum,
702 3877 867 3965 praetecti
883 3883 1090 3946 castrorum
1111 3878 1275 3946 rationes
1290 3897 1396 3947 men-

339 4023 448 4074 suras
480 4004 655 4072 itinerum
684 4003 922 4090 praebebant3
957 4004 1073 4070 multa
1101 4003 1287 4088 eJusmodi
1312 4005 1396 4091 alia,

337 4143 424 4214 quae
438 4128 619 4196 memoria
638 4128 827 4196 custodire
842 4145 908 4214 per
935 4128 1062 4213 plures
1077 4144 1197 4194 annos
1226 4144 1301 4195 non
1334 4145 1398 4215 po-

268 4307 272 4316 .
336 4253 473 4322 1616661
492 4251 628 4338 Caesar,
649 4258 691 4321 ut
718 4252 903 4322 montium
928 4251 986 4320 vel
1015 4251 1215 4322 fluminum
1240 4247 1402 4321 altitudi-'

339 4349 440 4466 uem,
461 4395 538 4448 non
559 4379 639 4464 ipse
660 4378 813 4464 quidem
833 4380 1035 4464 notaverat,
1057 4375 1124 4444 sed
1142 4393 1209 4462 per
1235 4377 1398 4448 scribam

365 4612 375 4648 ¹
391 4612 432 4665 (if.
444 4613 477 4664 de
488 4627 519 4664 66
532 4626 560 4664 ra
572 4611 681 4676 Krsuer,
693 4611 768 4678 amq.
782 4615 809 4664 et
822 4611 981 4679 Nipperdey,
994 4615 1057 4680 tuq.
