3168 5180
748 475 925 546 ..66-

319 665 336 705 «
361 640 504 734 diutius
519 638 685 708 laborem
700 638 795 708 ferre
811 658 887 708 non
899 645 1065 726 possent.
1123 639 1226 728 Haec,
1238 640 1375 726 inquit,

314 792 331 830 «
357 745 462 836 ame
483 765 673 836 beneficia
700 765 858 852 habetiS,
893 783 1007 852 quem
1032 767 1258 853 proditionis
1281 766 1377 835 insi-

314 917 331 956 «
356 891 640 979 mulatiS,qu'us
660 909 773 979 opera
788 892 870 960 sine
888 897 1012 961 vestro
1024 893 1208 980 sanguine
1227 897 1376 961 tantum

313 1044 331 1082 «
356 1019 560 1088 exercitum
575 1018 756 1088 victorem
767 1018 864 1086 lame
880 1022 1149 1105 consumptum
1162 1018 1339 1088 videtis...
1353 1044 1373 1082 »

309 1143 381 1214 Ubi
399 1162 488 1213 vero
504 1143 550 1212 de
566 1161 633 1229 spe
644 1143 837 1230 praeclarae
848 1143 949 1212 illius
959 1143 1125 1212 victoriae
1136 1145 1374 1231 reportandae

310 1287 351 1338 se
381 1270 458 1355 Jam
493 1270 695 1357 depulsum
733 1269 812 1338 iore
845 1269 976 1356 sensit,
1006 1288 1083 1339 non
1121 1271 1243 1358 potuit
1277 1271 1374 1357 quin

311 1413 488 1482 pavorem
512 1396 738 1482 conciperet,
770 1396 1129 1483 discedentibusque
1159 1397 1272 1483 Jussu
1299 1379 1373 1464 suo

310 1519 434 1589 Alesia
448 1520 653 1608 equitibus,
679 1525 720 1588 ut
739 1521 906 1590 civitates
929 1521 1074 1590 adirent
1093 1527 1204 1608 atque
1225 1540 1372 1609 omnes,

312 1647 378 1732 qui
397 1650 505 1715 aetate
520 1646 671 1715 militari
686 1651 825 1733 essent,
843 1647 890 1714 ad
908 1646 1050 1715 bellum
1071 1653 1259 1735 cogerent,
1276 1649 1375 1716 salu-

312 1777 389 1840 tem
409 1790 519 1840 suam
541 1773 760 1858 suppliciter
775 1773 1051 1841 commendavit
1063 1774 1082 1840 ¹.
1108 1774 1216 1844 «Sua
1234 1775 1273 1841 in
1288 1774 1375 1843 illos

315 1921 332 1959 «
352 1898 485 1966 merita
513 1899 700 1985 proponit,
729 1899 1011 1985 obtestaturque
1044 1905 1085 1967 nt
1121 1917 1202 1968 suae
1240 1899 1375 1968 salutis

315 2025 541 2093 «rationem
567 2024 740 2112 habeant,
771 2043 846 2094 neu
870 2044 911 2094 se
941 2026 1080 2112 optime
1106 2026 1153 2095 de
1179 2025 1375 2095 communi

316 2175 332 2214 «
358 2150 528 2219 libertate
543 2151 720 2219 meritum
735 2150 909 2220 hostibus
919 2151 958 2218 in
970 2152 1179 2220 cruciatum
1191 2152 1340 2221 dedant.
1354 2174 1373 2213 »

312 2276 407 2344 Tum
427 2275 580 2343 demum
598 2275 644 2345 de
664 2275 784 2344 salute
805 2277 1008 2365 Gallorum,
1034 2278 1100 2364 qui
1119 2296 1252 2347 secum
1271 2277 1376 2347 obsi·

314 2401 426 2472 dione
459 2401 737 2489 premebantur,
769 2402 1000 2471 mentionem
1023 2403 1131 2472 fecit:
1161 2403 1307 2486 «Quod
1341 2403 1376 2472 si

318 2527 656 2614 «indiligentiores
685 2527 835 2615 fuerint,
862 2527 978 2597 millia
1006 2527 1204 2597 hominum
1232 2529 1378 2598 delecta

319 2654 485 2722 «LXXX
515 2672 591 2721 una
617 2671 748 2722 secum
768 2654 961 2722 interitura
995 2653 1238 2723 demonstrat.
1266 2679 1283 2718 »
1310 2655 1378 2723 Ve-

308 2799 415 2867 wrum,
446 2779 591 2849 devicto
620 2785 781 2865 utroque
809 2782 986 2869 exercitu,
1012 2786 1049 2849 et
1073 2801 1188 2869 quem
1216 2783 1377 2852 Romani

316 2908 508 2976 inclusum
528 2905 819 2992 ingentibusque
853 2908 1031 2993 operibus
1053 2909 1376 2978 circumvallatum

317 3034 505 3120 tenebant,
532 3037 568 3100 et
597 3033 729 3117 quiex
762 3032 939 3102 omnibus
966 3034 1094 3104 Galliae
1130 3036 1300 3122 partibus
1328 3036 1377 3104 ad

319 3161 500 3248 oppidum
533 3158 731 3228 obsidione
757 3160 997 3229 eximendum
1028 3168 1264 3251 convenerat,
1299 3181 1376 3232 non

285 3324 288 3330 >
321 3287 475 3374 quidem
514 3289 643 3354 contra
676 3285 976 3371 desperationem
1008 3289 1237 3375 repugnavit,
1273 3288 1378 3375 quod

320 3415 577 3483 Romanorum
603 3411 814 3479 constantia
848 3416 958 3497 atque
985 3414 1190 3499 pertinacia
1222 3415 1376 3501 dignum

320 3541 466 3624 fuisset,
495 3537 561 3624 qui
594 3553 754 3624 semper,
781 3541 823 3604 ut
844 3542 964 3623 poetae
983 3539 1107 3607 verbis
1140 3545 1234 3629 utar,
1269 3541 1378 3610 fortia

321 3664 488 3735 adversis
507 3668 767 3749 opposuerunt
784 3667 935 3749 pectora
949 3664 1079 3752 rebus;
1101 3666 1169 3734 sed
1188 3668 1379 3753 magnani-

319 3808 426 3860 mum
445 3795 569 3857 tamen
602 3807 644 3856 se
669 3788 842 3875 praestitit
867 3789 1028 3876 vitaeque
1057 3792 1292 3862 nobilissime
1307 3813 1378 3863 ne·

318 3908 538 3994 glegentem.
574 3905 658 3974 Non
686 3905 786 3973 enim
812 3907 858 3975 de
886 3907 973 3993 fuga
1000 3927 1123 3995 neque
1145 3910 1192 3979 de
1220 3912 1379 3981 redinte-

319 4032 464 4119 grando
502 4031 601 4100 bello
636 4032 820 4119 cogitavit,
847 4033 926 4119 sed,
955 4040 1160 4105 convocato
1187 4038 1377 4124 concili02,

321 4155 403 4226 «id
431 4157 574 4226 bellum
594 4175 635 4225 se
658 4157 874 4243 suscepisse
898 4177 975 4227 non
1001 4177 1157 4230 suarum
1181 4164 1381 4234 necessita·

323 4308 339 4348 «
367 4289 461 4370 tum,
485 4283 553 4352 sed
572 4283 787 4352 communis
803 4283 982 4352 libertatis
1002 4304 1117 4356 causa
1136 4289 1378 4380 demonstrat,

349 4515 408 4578 ι71,
424 4517 446 4567 3.
460 4543 486 4554 -
501 4517 586 4578 989,,1
602 4531 640 4580 sq.
