<?xml version="1.0" encoding="UTF-8"?>
<!DOCTYPE html PUBLIC "-//W3C//DTD XHTML 1.0 Transitional//EN"
    "http://www.w3.org/TR/xhtml1/DTD/xhtml1-transitional.dtd">
<html xmlns="http://www.w3.org/1999/xhtml" xml:lang="en" lang="en">
 <head>
  <title>
</title>
<meta http-equiv="Content-Type" content="text/html;charset=utf-8" />
  <meta name='ocr-system' content='tesseract 3.04.00' />
  <meta name='ocr-capabilities' content='ocr_page ocr_carea ocr_par ocr_line ocrx_word'/>
</head>
<body>
  <div class='ocr_page' id='page_1' title='image "./deorationibusqu00fabigoog_0016.png"; bbox 0 0 3152 5168; ppageno 0'>
   <div class='ocr_carea' id='block_1_1' title="bbox 472 1149 1047 1260">
    <p class='ocr_par' dir='ltr' id='par_1_1' title="bbox 472 1149 1047 1260">
     <span class='ocr_line' id='line_1_1' title="bbox 472 1149 1047 1260; baseline -0.002 -2"><span class='ocrx_word' id='word_1_1' title='bbox 472 1149 1047 1260; x_wconf 79' lang='lat' dir='ltr'>PROOEMIUM</span> 
     </span>
    </p>
   </div>
   <div class='ocr_carea' id='block_1_2' title="bbox 650 1524 887 1540">
    <p class='ocr_par' dir='ltr' id='par_1_2' title="bbox 650 1524 887 1540">
     <span class='ocr_line' id='line_1_2' title="bbox 650 1524 887 1540; baseline -0.004 -3"><span class='ocrx_word' id='word_1_2' title='bbox 650 1524 887 1540; x_wconf 50' lang='lat' dir='ltr'>nn*</span> 
     </span>
    </p>
   </div>
   <div class='ocr_carea' id='block_1_3' title="bbox 149 1863 1290 4586">
    <p class='ocr_par' dir='ltr' id='par_1_3' title="bbox 149 1863 1290 3961">
     <span class='ocr_line' id='line_1_3' title="bbox 275 1863 1290 1950; baseline 0.001 -16"><span class='ocrx_word' id='word_1_3' title='bbox 275 1863 443 1934; x_wconf 91' lang='lat' dir='ltr'>Primum</span> <span class='ocrx_word' id='word_1_4' title='bbox 463 1863 646 1950; x_wconf 91' lang='lat' dir='ltr'>omnium,</span> <span class='ocrx_word' id='word_1_5' title='bbox 663 1881 750 1950; x_wconf 87' lang='lat' dir='ltr'>quae</span> <span class='ocrx_word' id='word_1_6' title='bbox 770 1881 886 1932; x_wconf 90' lang='lat' dir='ltr'>causa</span> <span class='ocrx_word' id='word_1_7' title='bbox 905 1863 955 1932; x_wconf 90' lang='lat' dir='ltr'>sit</span> <span class='ocrx_word' id='word_1_8' title='bbox 972 1881 1041 1932; x_wconf 91' lang='lat' dir='ltr'>cur</span> <span class='ocrx_word' id='word_1_9' title='bbox 1059 1864 1158 1933; x_wconf 89' lang='lat' dir='ltr'>hanc</span> <span class='ocrx_word' id='word_1_10' title='bbox 1173 1864 1290 1935; x_wconf 90' lang='lat' dir='ltr'>disse-</span> 
     </span>
     <span class='ocr_line' id='line_1_4' title="bbox 229 1989 1289 2078; baseline 0 -18"><span class='ocrx_word' id='word_1_11' title='bbox 229 1991 337 2060; x_wconf 91' lang='lat' dir='ltr'>rendi</span> <span class='ocrx_word' id='word_1_12' title='bbox 358 1990 553 2059; x_wconf 84' lang='lat' dir='ltr'>materiam</span> <span class='ocrx_word' id='word_1_13' title='bbox 577 1989 764 2077; x_wconf 76' lang='lat' dir='ltr'>elegerim,</span> <span class='ocrx_word' id='word_1_14' title='bbox 781 1991 942 2060; x_wconf 90' lang='lat' dir='ltr'>breviter</span> <span class='ocrx_word' id='word_1_15' title='bbox 963 2008 1159 2078; x_wconf 87' lang='lat' dir='ltr'>exponam.</span> <span class='ocrx_word' id='word_1_16' title='bbox 1182 1992 1289 2061; x_wconf 91' lang='lat' dir='ltr'>Multi</span> 
     </span>
     <span class='ocr_line' id='line_1_5' title="bbox 149 2114 1287 2202; baseline 0 -18"><span class='ocrx_word' id='word_1_17' title='bbox 149 2196 152 2202; x_wconf 42' lang='grc'><strong>,</strong></span> <span class='ocrx_word' id='word_1_18' title='bbox 229 2115 383 2202; x_wconf 92' lang='lat' dir='ltr'>quidem</span> <span class='ocrx_word' id='word_1_19' title='bbox 414 2114 701 2200; x_wconf 81' lang='lat' dir='ltr'>doctissimique</span> <span class='ocrx_word' id='word_1_20' title='bbox 723 2115 792 2183; x_wconf 89' lang='lat' dir='ltr'>viri</span> <span class='ocrx_word' id='word_1_21' title='bbox 821 2115 867 2184; x_wconf 93' lang='lat' dir='ltr'>de</span> <span class='ocrx_word' id='word_1_22' title='bbox 891 2115 1006 2184; x_wconf 93' lang='lat' dir='ltr'>rebus</span> <span class='ocrx_word' id='word_1_23' title='bbox 1031 2114 1219 2186; x_wconf 85' lang='lat' dir='ltr'>aCaesare</span> <span class='ocrx_word' id='word_1_24' title='bbox 1247 2117 1287 2185; x_wconf 90' lang='lat' dir='ltr'>in</span> 
     </span>
     <span class='ocr_line' id='line_1_6' title="bbox 230 2227 1286 2327; baseline 0.001 -18"><span class='ocrx_word' id='word_1_25' title='bbox 230 2237 347 2309; x_wconf 84' lang='lat' dir='ltr'>Gallia</span> <span class='ocrx_word' id='word_1_26' title='bbox 370 2237 484 2326; x_wconf 88' lang='lat' dir='ltr'>gestis</span> <span class='ocrx_word' id='word_1_27' title='bbox 503 2243 580 2306; x_wconf 89' lang='lat' dir='ltr'>tam</span> <span class='ocrx_word' id='word_1_28' title='bbox 599 2227 1113 2327; x_wconf 87' lang='lat' dir='ltr'>diligenterdisputaverunt,</span> <span class='ocrx_word' id='word_1_29' title='bbox 1134 2246 1286 2327; x_wconf 89' lang='lat' dir='ltr'>tamque</span> 
     </span>
     <span class='ocr_line' id='line_1_7' title="bbox 231 2364 1289 2453; baseline 0.004 -21"><span class='ocrx_word' id='word_1_30' title='bbox 231 2382 356 2434; x_wconf 87' lang='lat' dir='ltr'>acrem</span> <span class='ocrx_word' id='word_1_31' title='bbox 379 2364 551 2434; x_wconf 94' lang='lat' dir='ltr'>locorum</span> <span class='ocrx_word' id='word_1_32' title='bbox 570 2368 607 2432; x_wconf 90' lang='lat' dir='ltr'>et</span> <span class='ocrx_word' id='word_1_33' title='bbox 629 2364 827 2433; x_wconf 90' lang='lat' dir='ltr'>hominum</span> <span class='ocrx_word' id='word_1_34' title='bbox 847 2364 1170 2453; x_wconf 83' lang='lat' dir='ltr'>investigationem</span> <span class='ocrx_word' id='word_1_35' title='bbox 1185 2367 1289 2436; x_wconf 91' lang='lat' dir='ltr'>insti·</span> 
     </span>
     <span class='ocr_line' id='line_1_8' title="bbox 229 2488 1288 2576; baseline 0.005 -22"><span class='ocrx_word' id='word_1_36' title='bbox 229 2491 384 2557; x_wconf 84' lang='lat' dir='ltr'>luerunt</span> <span class='ocrx_word' id='word_1_37' title='bbox 407 2492 518 2574; x_wconf 89' lang='lat' dir='ltr'>atque</span> <span class='ocrx_word' id='word_1_38' title='bbox 546 2488 804 2575; x_wconf 82' lang='lat' dir='ltr'>perfecerunt3</span> <span class='ocrx_word' id='word_1_39' title='bbox 834 2489 942 2556; x_wconf 92' lang='lat' dir='ltr'>multi</span> <span class='ocrx_word' id='word_1_40' title='bbox 960 2494 1141 2576; x_wconf 83' lang='lat' dir='ltr'>praeterea</span> <span class='ocrx_word' id='word_1_41' title='bbox 1162 2491 1288 2560; x_wconf 91' lang='lat' dir='ltr'>omnia</span> 
     </span>
     <span class='ocr_line' id='line_1_9' title="bbox 230 2613 1289 2703; baseline 0.004 -22"><span class='ocrx_word' id='word_1_42' title='bbox 230 2613 370 2699; x_wconf 92' lang='lat' dir='ltr'>quibus</span> <span class='ocrx_word' id='word_1_43' title='bbox 388 2613 564 2700; x_wconf 84' lang='lat' dir='ltr'>perspici,</span> <span class='ocrx_word' id='word_1_44' title='bbox 584 2614 643 2682; x_wconf 86' lang='lat' dir='ltr'>vel</span> <span class='ocrx_word' id='word_1_45' title='bbox 663 2613 796 2683; x_wconf 89' lang='lat' dir='ltr'>saltem</span> <span class='ocrx_word' id='word_1_46' title='bbox 810 2614 1052 2701; x_wconf 85' lang='lat' dir='ltr'>probabiliter</span> <span class='ocrx_word' id='word_1_47' title='bbox 1066 2615 1203 2701; x_wconf 82' lang='lat' dir='ltr'>conjici</span> <span class='ocrx_word' id='word_1_48' title='bbox 1218 2634 1289 2703; x_wconf 91' lang='lat' dir='ltr'>po-</span> 
     </span>
     <span class='ocr_line' id='line_1_10' title="bbox 230 2739 1289 2827; baseline 0.003 -21"><span class='ocrx_word' id='word_1_49' title='bbox 230 2742 314 2825; x_wconf 91' lang='lat' dir='ltr'>test,</span> <span class='ocrx_word' id='word_1_50' title='bbox 336 2755 413 2824; x_wconf 92' lang='lat' dir='ltr'>quo</span> <span class='ocrx_word' id='word_1_51' title='bbox 436 2743 604 2826; x_wconf 90' lang='lat' dir='ltr'>tempore</span> <span class='ocrx_word' id='word_1_52' title='bbox 629 2743 740 2825; x_wconf 87' lang='lat' dir='ltr'>atque</span> <span class='ocrx_word' id='word_1_53' title='bbox 761 2739 933 2827; x_wconf 90' lang='lat' dir='ltr'>consilio,</span> <span class='ocrx_word' id='word_1_54' title='bbox 954 2757 1030 2826; x_wconf 87' lang='lat' dir='ltr'>qua</span> <span class='ocrx_word' id='word_1_55' title='bbox 1053 2740 1211 2809; x_wconf 89' lang='lat' dir='ltr'>scientia</span> <span class='ocrx_word' id='word_1_56' title='bbox 1231 2759 1289 2809; x_wconf 91' lang='lat' dir='ltr'>re-</span> 
     </span>
     <span class='ocr_line' id='line_1_11' title="bbox 228 2859 1288 2951; baseline 0.002 -20"><span class='ocrx_word' id='word_1_57' title='bbox 228 2859 326 2950; x_wconf 91' lang='lat' dir='ltr'>rum&#39;,</span> <span class='ocrx_word' id='word_1_58' title='bbox 349 2863 549 2951; x_wconf 84' lang='lat' dir='ltr'>diligentia,</span> <span class='ocrx_word' id='word_1_59' title='bbox 568 2863 656 2951; x_wconf 89' lang='lat' dir='ltr'>fide,</span> <span class='ocrx_word' id='word_1_60' title='bbox 679 2863 956 2932; x_wconf 63' lang='lat' dir='ltr'>Commentarios</span> <span class='ocrx_word' id='word_1_61' title='bbox 975 2863 1017 2932; x_wconf 86' lang='lat' dir='ltr'>de</span> <span class='ocrx_word' id='word_1_62' title='bbox 1029 2863 1130 2932; x_wconf 85' lang='lat' dir='ltr'>Bello</span> <span class='ocrx_word' id='word_1_63' title='bbox 1153 2864 1288 2934; x_wconf 85' lang='lat' dir='ltr'>Gallico</span> 
     </span>
     <span class='ocr_line' id='line_1_12' title="bbox 230 2989 1289 3076; baseline 0.001 -19"><span class='ocrx_word' id='word_1_64' title='bbox 230 2989 497 3076; x_wconf 89' lang='lat' dir='ltr'>composuerit,</span> <span class='ocrx_word' id='word_1_65' title='bbox 523 2994 625 3058; x_wconf 87' lang='lat' dir='ltr'>tanta</span> <span class='ocrx_word' id='word_1_66' title='bbox 650 3007 741 3058; x_wconf 90' lang='lat' dir='ltr'>cura</span> <span class='ocrx_word' id='word_1_67' title='bbox 769 2990 1018 3076; x_wconf 82' lang='lat' dir='ltr'>collegerunt3</span> <span class='ocrx_word' id='word_1_68' title='bbox 1044 2994 1086 3058; x_wconf 92' lang='lat' dir='ltr'>ut</span> <span class='ocrx_word' id='word_1_69' title='bbox 1104 2990 1198 3058; x_wconf 92' lang='lat' dir='ltr'>nihil</span> <span class='ocrx_word' id='word_1_70' title='bbox 1225 2995 1289 3059; x_wconf 91' lang='lat' dir='ltr'>aut</span> 
     </span>
     <span class='ocr_line' id='line_1_13' title="bbox 230 3114 1286 3202; baseline 0 -19"><span class='ocrx_word' id='word_1_71' title='bbox 230 3118 329 3183; x_wconf 89' lang='lat' dir='ltr'>certe</span> <span class='ocrx_word' id='word_1_72' title='bbox 347 3132 469 3201; x_wconf 90' lang='lat' dir='ltr'>pauca</span> <span class='ocrx_word' id='word_1_73' title='bbox 496 3115 701 3183; x_wconf 91' lang='lat' dir='ltr'>admodum</span> <span class='ocrx_word' id='word_1_74' title='bbox 729 3115 784 3184; x_wconf 92' lang='lat' dir='ltr'>eis</span> <span class='ocrx_word' id='word_1_75' title='bbox 813 3116 1037 3184; x_wconf 90' lang='lat' dir='ltr'>invenienda</span> <span class='ocrx_word' id='word_1_76' title='bbox 1055 3114 1286 3202; x_wconf 86' lang='lat' dir='ltr'>reliquerint,</span> 
     </span>
     <span class='ocr_line' id='line_1_14' title="bbox 229 3239 1285 3328; baseline 0.002 -22"><span class='ocrx_word' id='word_1_77' title='bbox 229 3239 295 3325; x_wconf 92' lang='lat' dir='ltr'>qui</span> <span class='ocrx_word' id='word_1_78' title='bbox 309 3244 396 3326; x_wconf 91' lang='lat' dir='ltr'>post</span> <span class='ocrx_word' id='word_1_79' title='bbox 414 3240 519 3326; x_wconf 90' lang='lat' dir='ltr'>ipsos</span> <span class='ocrx_word' id='word_1_80' title='bbox 543 3240 714 3309; x_wconf 91' lang='lat' dir='ltr'>eamdem</span> <span class='ocrx_word' id='word_1_81' title='bbox 734 3241 1003 3326; x_wconf 82' lang='lat' dir='ltr'>quaestionum,</span> <span class='ocrx_word' id='word_1_82' title='bbox 1020 3244 1061 3307; x_wconf 89' lang='lat' dir='ltr'>ut</span> <span class='ocrx_word' id='word_1_83' title='bbox 1080 3239 1130 3307; x_wconf 91' lang='lat' dir='ltr'>ita</span> <span class='ocrx_word' id='word_1_84' title='bbox 1149 3240 1285 3328; x_wconf 90' lang='lat' dir='ltr'>dicam,</span> 
     </span>
     <span class='ocr_line' id='line_1_15' title="bbox 229 3364 1288 3456; baseline 0.001 -25"><span class='ocrx_word' id='word_1_85' title='bbox 229 3364 420 3451; x_wconf 89' lang='lat' dir='ltr'>regionem</span> <span class='ocrx_word' id='word_1_86' title='bbox 430 3365 636 3452; x_wconf 91' lang='lat' dir='ltr'>ingressuri</span> <span class='ocrx_word' id='word_1_87' title='bbox 650 3369 788 3435; x_wconf 89' lang='lat' dir='ltr'>essent.</span> <span class='ocrx_word' id='word_1_88' title='bbox 806 3365 859 3434; x_wconf 91' lang='lat' dir='ltr'>De</span> <span class='ocrx_word' id='word_1_89' title='bbox 874 3369 950 3456; x_wconf 83' lang='lat' dir='ltr'>arte</span> <span class='ocrx_word' id='word_1_90' title='bbox 966 3369 1091 3433; x_wconf 87' lang='lat' dir='ltr'>autern</span> <span class='ocrx_word' id='word_1_91' title='bbox 1109 3381 1185 3450; x_wconf 92' lang='lat' dir='ltr'>qua</span> <span class='ocrx_word' id='word_1_92' title='bbox 1203 3364 1288 3433; x_wconf 93' lang='lat' dir='ltr'>libri</span> 
     </span>
     <span class='ocr_line' id='line_1_16' title="bbox 229 3489 1289 3578; baseline 0.002 -20"><span class='ocrx_word' id='word_1_93' title='bbox 229 3490 283 3559; x_wconf 93' lang='lat' dir='ltr'>illi</span> <span class='ocrx_word' id='word_1_94' title='bbox 316 3491 519 3578; x_wconf 87' lang='lat' dir='ltr'>conscripti</span> <span class='ocrx_word' id='word_1_95' title='bbox 556 3495 657 3578; x_wconf 92' lang='lat' dir='ltr'>sunt,</span> <span class='ocrx_word' id='word_1_96' title='bbox 683 3491 753 3560; x_wconf 89' lang='lat' dir='ltr'>etsi</span> <span class='ocrx_word' id='word_1_97' title='bbox 780 3490 882 3559; x_wconf 90' lang='lat' dir='ltr'>haud</span> <span class='ocrx_word' id='word_1_98' title='bbox 913 3490 1125 3578; x_wconf 89' lang='lat' dir='ltr'>spernenda</span> <span class='ocrx_word' id='word_1_99' title='bbox 1142 3489 1289 3576; x_wconf 89' lang='lat' dir='ltr'>prodie-</span> 
     </span>
     <span class='ocr_line' id='line_1_17' title="bbox 229 3614 1288 3704; baseline -0.004 -18"><span class='ocrx_word' id='word_1_100' title='bbox 229 3622 318 3686; x_wconf 90' lang='lat' dir='ltr'>runt</span> <span class='ocrx_word' id='word_1_101' title='bbox 330 3618 576 3686; x_wconf 88' lang='lat' dir='ltr'>litteratorum</span> <span class='ocrx_word' id='word_1_102' title='bbox 595 3615 762 3686; x_wconf 90' lang='lat' dir='ltr'>viromm</span> <span class='ocrx_word' id='word_1_103' title='bbox 774 3616 928 3704; x_wconf 85' lang='lat' dir='ltr'>judicia,</span> <span class='ocrx_word' id='word_1_104' title='bbox 944 3614 1106 3684; x_wconf 92' lang='lat' dir='ltr'>multum</span> <span class='ocrx_word' id='word_1_105' title='bbox 1121 3615 1228 3684; x_wconf 90' lang='lat' dir='ltr'>abest</span> <span class='ocrx_word' id='word_1_106' title='bbox 1247 3619 1288 3682; x_wconf 89' lang='lat' dir='ltr'>ut</span> 
     </span>
     <span class='ocr_line' id='line_1_18' title="bbox 231 3739 1288 3830; baseline -0.003 -20"><span class='ocrx_word' id='word_1_107' title='bbox 231 3743 268 3830; x_wconf 91' lang='lat' dir='ltr'>ii,</span> <span class='ocrx_word' id='word_1_108' title='bbox 290 3743 356 3830; x_wconf 89' lang='lat' dir='ltr'>qui</span> <span class='ocrx_word' id='word_1_109' title='bbox 377 3743 455 3828; x_wconf 86' lang='lat' dir='ltr'>jam</span> <span class='ocrx_word' id='word_1_110' title='bbox 478 3742 641 3830; x_wconf 86' lang='lat' dir='ltr'>luerunt,</span> <span class='ocrx_word' id='word_1_111' title='bbox 663 3748 800 3811; x_wconf 90' lang='lat' dir='ltr'>cuncta</span> <span class='ocrx_word' id='word_1_112' title='bbox 824 3741 1087 3830; x_wconf 83' lang='lat' dir='ltr'>praeripuerint</span> <span class='ocrx_word' id='word_1_113' title='bbox 1110 3744 1147 3809; x_wconf 90' lang='lat' dir='ltr'>et</span> <span class='ocrx_word' id='word_1_114' title='bbox 1176 3739 1288 3809; x_wconf 91' lang='lat' dir='ltr'>nobis</span> 
     </span>
     <span class='ocr_line' id='line_1_19' title="bbox 228 3865 1286 3961; baseline -0.005 -23"><span class='ocrx_word' id='word_1_115' title='bbox 228 3875 411 3955; x_wconf 85' lang='lat' dir='ltr'>tauquam</span> <span class='ocrx_word' id='word_1_116' title='bbox 422 3886 553 3956; x_wconf 88' lang='lat' dir='ltr'>agrum</span> <span class='ocrx_word' id='word_1_117' title='bbox 569 3868 633 3937; x_wconf 93' lang='lat' dir='ltr'>ubi</span> <span class='ocrx_word' id='word_1_118' title='bbox 642 3869 720 3954; x_wconf 79' lang='lat' dir='ltr'>J&#39;am</span> <span class='ocrx_word' id='word_1_119' title='bbox 735 3869 954 3938; x_wconf 91' lang='lat' dir='ltr'>demessum</span> <span class='ocrx_word' id='word_1_120' title='bbox 969 3871 1038 3953; x_wconf 89' lang='lat' dir='ltr'>est,</span> <span class='ocrx_word' id='word_1_121' title='bbox 1055 3865 1286 3961; x_wconf 90' lang='lat' dir='ltr'>tradiderint.</span> 
     </span>
    </p>

    <p class='ocr_par' dir='ltr' id='par_1_4' title="bbox 229 3990 1290 4586">
     <span class='ocr_line' id='line_1_20' title="bbox 274 3990 1290 4082; baseline -0.005 -20"><span class='ocrx_word' id='word_1_122' title='bbox 274 3994 468 4082; x_wconf 86' lang='lat' dir='ltr'>Praecipue</span> <span class='ocrx_word' id='word_1_123' title='bbox 492 3994 538 4062; x_wconf 91' lang='lat' dir='ltr'>de</span> <span class='ocrx_word' id='word_1_124' title='bbox 565 3994 798 4063; x_wconf 89' lang='lat' dir='ltr'>orationibus</span> <span class='ocrx_word' id='word_1_125' title='bbox 822 4013 909 4080; x_wconf 86' lang='lat' dir='ltr'>quae</span> <span class='ocrx_word' id='word_1_126' title='bbox 933 3994 971 4061; x_wconf 90' lang='lat' dir='ltr'>in</span> <span class='ocrx_word' id='word_1_127' title='bbox 1000 3991 1212 4059; x_wconf 90' lang='lat' dir='ltr'>narratione</span> <span class='ocrx_word' id='word_1_128' title='bbox 1232 3990 1290 4057; x_wconf 92' lang='lat' dir='ltr'>in·</span> 
     </span>
     <span class='ocr_line' id='line_1_21' title="bbox 229 4112 1289 4209; baseline -0.008 -19"><span class='ocrx_word' id='word_1_129' title='bbox 229 4121 420 4209; x_wconf 87' lang='lat' dir='ltr'>terpositae</span> <span class='ocrx_word' id='word_1_130' title='bbox 440 4124 540 4207; x_wconf 92' lang='lat' dir='ltr'>sunt,</span> <span class='ocrx_word' id='word_1_131' title='bbox 558 4120 596 4190; x_wconf 93' lang='lat' dir='ltr'>id</span> <span class='ocrx_word' id='word_1_132' title='bbox 607 4121 691 4207; x_wconf 80' lang='lat' dir='ltr'>J&#39;ure</span> <span class='ocrx_word' id='word_1_133' title='bbox 706 4120 932 4190; x_wconf 90' lang='lat' dir='ltr'>contendere</span> <span class='ocrx_word' id='word_1_134' title='bbox 946 4133 1165 4206; x_wconf 92' lang='lat' dir='ltr'>possumus.</span> <span class='ocrx_word' id='word_1_135' title='bbox 1178 4112 1289 4183; x_wconf 90' lang='lat' dir='ltr'>Nam·</span> 
     </span>
     <span class='ocr_line' id='line_1_22' title="bbox 232 4239 1288 4334; baseline -0.009 -18"><span class='ocrx_word' id='word_1_136' title='bbox 232 4265 307 4334; x_wconf 92' lang='lat' dir='ltr'>que</span> <span class='ocrx_word' id='word_1_137' title='bbox 326 4246 392 4315; x_wconf 93' lang='lat' dir='ltr'>ubi</span> <span class='ocrx_word' id='word_1_138' title='bbox 412 4246 458 4314; x_wconf 90' lang='lat' dir='ltr'>de</span> <span class='ocrx_word' id='word_1_139' title='bbox 485 4244 548 4313; x_wconf 92' lang='lat' dir='ltr'>illa</span> <span class='ocrx_word' id='word_1_140' title='bbox 567 4245 842 4314; x_wconf 86' lang='lat' dir='ltr'>consuetudine</span> <span class='ocrx_word' id='word_1_141' title='bbox 866 4244 997 4332; x_wconf 88' lang='lat' dir='ltr'>agitur,</span> <span class='ocrx_word' id='word_1_142' title='bbox 1018 4258 1105 4327; x_wconf 87' lang='lat' dir='ltr'>quae</span> <span class='ocrx_word' id='word_1_143' title='bbox 1124 4239 1288 4324; x_wconf 88' lang='lat' dir='ltr'>antiquis</span> 
     </span>
     <span class='ocr_line' id='line_1_23' title="bbox 230 4363 1288 4458; baseline -0.012 -16"><span class='ocrx_word' id='word_1_144' title='bbox 230 4389 358 4442; x_wconf 90' lang='lat' dir='ltr'>rerum</span> <span class='ocrx_word' id='word_1_145' title='bbox 388 4370 636 4458; x_wconf 89' lang='lat' dir='ltr'>scriptoribus</span> <span class='ocrx_word' id='word_1_146' title='bbox 665 4371 834 4440; x_wconf 89' lang='lat' dir='ltr'>solennis</span> <span class='ocrx_word' id='word_1_147' title='bbox 858 4370 939 4456; x_wconf 86' lang='lat' dir='ltr'>luit,</span> <span class='ocrx_word' id='word_1_148' title='bbox 969 4371 1011 4436; x_wconf 90' lang='lat' dir='ltr'>ut</span> <span class='ocrx_word' id='word_1_149' title='bbox 1036 4364 1225 4435; x_wconf 90' lang='lat' dir='ltr'>orationes</span> <span class='ocrx_word' id='word_1_150' title='bbox 1250 4363 1288 4430; x_wconf 93' lang='lat' dir='ltr'>in</span> 
     </span>
     <span class='ocr_line' id='line_1_24' title="bbox 229 4489 1287 4586; baseline -0.01 -18"><span class='ocrx_word' id='word_1_151' title='bbox 229 4497 397 4568; x_wconf 90' lang='lat' dir='ltr'>historiis</span> <span class='ocrx_word' id='word_1_152' title='bbox 411 4497 632 4586; x_wconf 91' lang='lat' dir='ltr'>insererent,</span> <span class='ocrx_word' id='word_1_153' title='bbox 648 4497 897 4584; x_wconf 85' lang='lat' dir='ltr'>Thucydides,</span> <span class='ocrx_word' id='word_1_154' title='bbox 919 4491 1130 4580; x_wconf 88' lang='lat' dir='ltr'>Sallustius,</span> <span class='ocrx_word' id='word_1_155' title='bbox 1147 4489 1287 4576; x_wconf 92' lang='lat' dir='ltr'>Livius,</span> 
     </span>
    </p>
   </div>
   <div class='ocr_carea' id='block_1_4' title="bbox 0 0 1582 5168">
    <p class='ocr_par' dir='ltr' id='par_1_5' title="bbox 0 0 1582 5168">
     <span class='ocr_line' id='line_1_25' title="bbox 0 0 1582 5168; baseline 0 0"><span class='ocrx_word' id='word_1_156' title='bbox 0 0 1582 5168; x_wconf 95' lang='lat' dir='ltr'> </span> 
     </span>
    </p>
   </div>
  </div>
 </body>
</html>
