3152 5168
646 499 824 568 ..11-

202 667 302 734 nime
330 667 430 734 enim
456 683 500 734 ea
523 664 715 733 recondita
739 668 828 749 erat,
854 664 971 733 immo
993 666 1200 752 propalam,
1222 669 1263 733 ut

200 791 264 857 ita.
276 791 412 877 dicam,
435 791 635 876 collocata;
657 808 727 858 nec
748 789 971 876 cogitatione
991 796 1027 859 et
1046 795 1122 858 arte
1142 791 1262 859 inves-

199 917 349 1004 tiganda
375 923 465 1004 erat,
501 919 568 986 sed
592 917 810 1003 quotidiana
843 918 1030 985 sermonis
1063 918 1260 986 hominum

200 1045 476 1113 consuetudine
496 1045 833 1113 demonstrabatur.
857 1044 899 1111 ld
917 1064 1005 1114 vero
1021 1045 1159 1114 Caesari
1178 1063 1261 1133 pro·

198 1171 322 1258 prium
343 1175 400 1240 θεῖ
426 1189 469 1238 ac
496 1171 697 1257 peculiare,
719 1188 763 1238 eo
793 1170 983 1239 scribendi
1012 1172 1171 1240 consilio
1191 1172 1261 1241 lre-

200 1297 449 1382 quentissime
470 1315 583 1364 usum
602 1314 686 1365 esse
707 1301 743 1364 et
762 1297 949 1366 orationes
970 1315 1014 1365 eo
1034 1298 1160 1384 mode,
1182 1317 1259 1366 non

197 1422 399 1508 interdum,
418 1427 472 1491 ¹ut
500 1423 613 1490 ceteri
636 1422 817 1509 fecerunt,
850 1422 917 1490 sed
942 1422 1176 1508 plerumque,
1201 1425 1261 1493 vel

196 1548 322 1632 potius
349 1552 493 1617 tantum
527 1566 603 1616 non
632 1565 792 1634 semper,
818 1547 1029 1615 tradidisse.
1057 1548 1172 1634 CuJ'us
1205 1551 1259 1618 rei

197 1691 285 1757 quae
313 1673 424 1741 fuerit
451 1692 566 1742 causa
594 1677 724 1760 postea
755 1673 1039 1759 perspiciemus.
1070 1673 1284 1759 Adnotan·r

196 1798 287 1866 dum
308 1802 432 1866 tamen
453 1805 511 1868 θεῖ
528 1799 696 1866 Taciturn
716 1798 790 1898 hoo
808 1799 846 1865 in
870 1816 1005 1885 genere
1029 1800 1184 1885 propius
1209 1801 1257 1869 ad
1282 1820 1288 1881 l

196 1923 383 1993 Caesarem
416 1944 531 2011 quam
565 1925 772 2012 quemlibet
804 1925 918 1992 alium
951 1924 1141 1993 accedere.
1183 1926 1256 1994 Sed
1287 1898 1289 1917 ¹

193 2051 367 2135 quamvis
388 2051 496 2137 copia
515 2051 645 2119 talium
657 2050 868 2118 orationum
880 2049 994 2135 hujus
1006 2050 1124 2136 magis
1139 2068 1254 2136 quam

192 2179 403 2242 ceterorum
426 2176 563 2261 scripta
587 2174 793 2260 conspicua
817 2174 903 2260 sint,
932 2174 970 2241 id
991 2192 1078 2242 eum
1103 2175 1199 2243 inter
1219 2182 1255 2244 et

191 2300 378 2369 Caesarem
402 2302 567 2389 interest,
595 2301 698 2387 quod
718 2301 835 2368 multo
856 2301 1037 2386 maj0rem
1055 2301 1167 2370 habet
1186 2321 1253 2371 nu-

190 2443 338 2494 merum
362 2427 574 2495 orationum
594 2427 665 2494 alio
692 2427 857 2513 quodam
884 2426 997 2494 modo
1018 2427 1249 2518 traditarum,

189 2552 237 2620 de
256 2570 333 2636 quo
350 2552 428 2637 J'am
446 2551 629 2620 dicemus.

234 2675 402 2742 Alterum
422 2675 523 2741 enim
543 2693 662 2760 genus
687 2679 744 2741 est
763 2691 892 2742 earum
917 2675 1141 2761 orationum,
1163 2694 1251 2761 quae

188 2818 265 2868 non
291 2819 312 2866 a
344 2817 471 2867 rerum
495 2799 676 2884 scriptore
705 2803 914 2885 narrantur,
943 2799 1011 2867 sed
1035 2819 1055 2867 a
1087 2819 1250 2886 persona

188 2925 353 3012 quadam
381 2924 578 3010 habentur,
609 2942 723 3010 quem
758 2924 819 2993 ille
844 2924 1061 3010 loquentem
1089 2927 1246 3015 inducit,

187 3051 338 3136 cuique,
360 3050 451 3118 dum
476 3067 519 3116 ea
542 3050 721 3136 loquitur,
743 3049 869 3116 locum
889 3050 952 3117 dat
965 3054 1002 3118 et
1021 3051 1130 3119 cedit.
1154 3053 1246 3135 Quae

186 3175 287 3261 apud
302 3179 446 3243 ceteros
466 3174 628 3260 vulgaris
649 3175 939 3260 communisque
959 3178 1124 3244 occurrit
1137 3180 1243 3269 ratio,

184 3301 286 3388 apud
312 3299 498 3368 Caesarem
523 3300 727 3369 admodum
755 3318 838 3369 rara
861 3321 871 3386 ;,
896 3302 989 3371 adeo
1020 3309 1061 3371 ut
1079 3305 1117 3372 in
1144 3305 1244 3375 Gom-

182 3426 364 3494 menturiis
397 3423 438 3491 de
470 3422 570 3490 Bello
605 3423 739 3494 Gallico
773 3431 916 3512 septem
949 3429 1103 3498 omnino
1141 3450 1244 3520 repe·
1261 3402 1267 3495 :¹

182 3553 326 3621 riantur
345 3549 427 3635 ejus
447 3550 593 3636 generis
614 3550 801 3619 orationes
821 3552 841 3619 ¹.
871 3552 947 3621 Has
967 3573 1188 3628 enumerare
1207 3516 1261 3630 et¹

182 3660 260 3748 non
289 3678 443 3762 longum
463 3676 532 3743 erit
559 3681 595 3744 et
622 3695 746 3762 operae
770 3678 931 3764 pretium
951 3686 1018 3749 θεῖ.
1046 3682 1101 3752 Νθ
1123 3704 1243 3756 unum

181 3805 337 3890 quidem
361 3801 573 3886 exemplum
597 3802 767 3887 praebent
790 3809 951 3888 quatuor
979 3807 1123 3891 priores
1143 3810 1241 3896 libri,

181 3948 270 4000 cum
290 3927 455 3995 abundet
473 3926 662 4013 praecipue
682 3927 827 4014 primus
847 3931 1092 4002 orationibus.
1116 3936 1241 4006 Unum

181 4058 338 4145 quintus
363 4053 525 4140 praebet,
563 4055 684 4123 idest
720 4055 927 4139 orationem
963 4059 1093 4129 Titurii
1114 4063 1241 4136 Sabini

179 4182 289 4271 legati
303 4181 341 4248 in
358 4179 517 4248 consilio
538 4180 584 4248 de
603 4179 784 4267 hibernie,
798 4182 913 4251 invito
934 4186 1076 4273 collega
1094 4188 1240 4260 Aurun-

180 4306 303 4378 culeio
324 4301 441 4390 Cotta,
455 4302 713 4391 relinquendis
734 4305 966 4397 disserentis
983 4329 1143 4402 eamque
1163 4336 1239 4386 non

210 4504 217 4538 ¹
227 4500 325 4552 Eadem
336 4499 437 4550 ratione
449 4500 619 4564 quorumdam
627 4504 752 4564 praterea
764 4505 844 4556 verba
858 4507 954 4570 passim
966 4507 1057 4557 retulit
1067 4508 1168 4572 Oaeaar3
1181 4527 1240 4575 quaa

176 4583 296 4638 breviora
308 4582 378 4643 sunt,
389 4593 468 4644 quam
484 4584 514 4632 ut
528 4581 556 4632 in
571 4583 717 4634 orationum
736 4599 843 4640 numero
858 4587 948 4640 heberi
960 4588 1081 4654 possint5
1098 4591 1133 4645 cf.
1151 4591 1184 4658 V,
1197 4593 1239 4646 44·
