3168 5180
762 539 941 606 -74-

322 709 362 774 ut
379 705 501 772 deleat
519 704 808 790 Vercingetorix.
830 705 996 788 primum
1011 706 1231 790 comprobat
1254 705 1383 772 omnia

321 830 384 898 illa
406 830 516 914 tarta,
550 830 692 914 quibus
724 829 949 914 proditionis
985 831 1188 898 consilium
1226 830 1384 898 indicari

320 955 479 1039 videtin,
500 955 793 1040 haudquaquam
811 957 895 1039 iure
916 955 989 1022 sibi
1009 956 1272 1041 vituperationi
1298 955 1385 1022 data

323 1098 423 1164 esse,
442 1097 532 1146 cum
550 1079 600 1147 ob
618 1097 663 1146 ea
680 1081 836 1165 gratiam
859 1085 991 1146 eontra
1013 1082 1171 1148 meritus
1190 1083 1250 1149 sit.
1273 1079 1386 1148 Nam-

323 1224 399 1291 que
412 1209 537 1273 castra
555 1206 670 1272 morit
688 1206 815 1290 inopia
833 1206 961 1290 pabuli
988 1206 1235 1292 ipsommque
1263 1207 1386 1274 horta-

324 1331 492 1399 tionibus
510 1330 720 1401 adductns:
740 1335 781 1396 ut
806 1331 963 1415 propius
983 1330 1176 1398 Romanos
1202 1337 1384 1417 moveret,

323 1455 583 1543 opportunitas
612 1456 685 1522 loci
716 1456 931 1540 persuasit:
965 1474 1011 1522 eo
1034 1457 1073 1522 in
1100 1457 1186 1524 loco
1213 1458 1386 1542 equitum

325 1582 429 1650 nulla
446 1586 524 1648 erat
545 1580 697 1664 utilitas,
724 1585 802 1646 erat
835 1581 924 1657 illic,
957 1599 1035 1664 quo
1067 1587 1172 1647 erant
1199 1582 1385 1667 proiecti;

326 1707 420 1775 nulli
431 1706 633 1774 discedens
648 1706 847 1791 imperium
862 1705 1081 1790 tradiditne
1095 1707 1279 1775 istemere
1288 1726 1389 1794 proe·

325 1834 418 1902 lium
437 1831 686 1900 committeret
703 1850 713 1913 3
733 1830 990 1897 Romanorum
1027 1831 1211 1900 adrentus
1230 1833 1269 1900 id
1287 1852 1388 1919 prae·

326 1959 419 2028 stitit
425 1956 630 2042 commodi,
639 1961 826 2023 uteorum
840 1957 1067 2041 paucitatem
1078 1963 1190 2042 atque
1200 1959 1388 2045 ignaviam

325 2085 399 2172 ipsi
418 2087 702 2170 cognoscerent.
722 2081 818 2148 lum
841 2081 888 2148 de
913 2083 997 2166 ipso
1015 2083 1240 2167 proditionis
1263 2085 1390 2153 consi-

326 2210 377 2278 lio
395 2209 560 2292 disserit,
581 2213 621 2274 ut
650 2206 743 2273 illud
761 2207 916 2273 minime
937 2207 1140 2275 verisimile
1158 2227 1245 2276 esse
1266 2209 1391 2278 decla·

327 2339 393 2402 ret.
421 2333 531 2416 Quod
559 2332 759 2418 imperinm
782 2333 950 2407 uictoria,
979 2352 1066 2418 quae
1087 2334 1166 2418 iam
1198 2336 1390 2422 explorata

325 2466 396 2545 est,
416 2460 555 2528 habere
583 2463 718 2544 potest,
738 2475 848 2524 cura
876 2457 1022 2525 Caesare
1041 2477 1110 2544 per
1136 2460 1388 2545 proditionem

326 2577 494 2666 peteret‘l
521 2575 729 2655 Postremo,
763 2573 868 2640 falsis
896 2574 1091 2660 productis
1122 2577 1294 2662 testibus,
1320 2578 1388 2662 qui

327 2703 528 2772 ostendant
554 2699 771 2786 desperatas
798 2717 884 2766 esse
915 2700 1172 2768 Romanorum
1205 2721 1280 2786 reS,
1310 2721 1387 2772 non

324 2829 403 2916 jam
422 2827 564 2912 seipse
596 2824 773 2908 defendit,
798 2825 865 2890 sed
894 2825 1080 2910 ingratum
1100 2827 1292 2895 Gallorum
1312 2829 1390 2896 ani-

327 2969 434 3022 mum
451 2950 692 3018 vehementer
710 2949 870 3015 incusat.
892 2949 1054 3018 Confidit
1071 2954 1186 3036 enim,
1206 2971 1331 3038 neque
1350 2954 1389 3020 id

329 3077 527 3161 immerito,
557 3079 632 3142 tam
659 3074 826 3140 valentes
858 3074 977 3144 fuisse
1009 3077 1186 3163 rationeS,
1215 3096 1312 3162 quas
1340 3079 1388 3146 ad

328 3204 457 3274 omnia
474 3201 663 3289 opposuit,
680 3203 721 3266 ut
739 3199 832 3266 nihil
847 3204 1002 3270 omnino
1017 3203 1271 3272 accusationis
1286 3205 1388 3273 illius

329 3329 505 3418 supersit.
1036 3305 1042 3316 ’

374 3455 458 3524 Non
490 3452 608 3521 semel
644 3453 767 3521 evenit
793 3457 834 3518 ut
859 3451 986 3520 Caesar
1014 3453 1113 3520 duos
1145 3460 1313 3523 oratores
1341 3456 1388 3523 de

329 3581 461 3653 eadem
481 3597 521 3647 re
541 3579 709 3646 diversas
730 3579 936 3645 sententias
950 3579 1182 3664 proterentes
1202 3581 1390 3649 induxerit

329 3723 538 3791 eorumque
548 3703 737 3771 orationes
752 3703 956 3788 tradiderit,
970 3705 1041 3789 vel,
1056 3711 1097 3771 ut
1110 3705 1236 3772 verius
1250 3707 1386 3792 dicam,

330 3821 596 3910 composuerit.
608 3818 717 3900 Quod
730 3837 850 3904 genus
865 3819 957 3886 mihi
967 3820 1122 3904 quidem
1135 3821 1284 3890 videtur
1297 3823 1390 3909 opti·

331 3969 413 4022 mas
427 3948 480 4015 illi
496 3944 794 4031 suppeditavisse
814 3946 1049 4030 occasiones,
1066 3945 1132 4012 nbi
1151 3949 1388 4032 quantumin

331 4095 376 4146 ea
389 4071 615 4159 eloquentia
633 4075 750 4157 parte,
771 4069 818 4137 de
837 4089 913 4154 qua
933 4088 1036 4138 nunc
1055 4071 1215 4158 agimus
1240 4073 1389 4142 efficere

331 4204 472 4290 posset,
492 4197 683 4286 praecipue
702 4196 926 4264 ostenderet.
949 4196 1034 4264 Non
1054 4197 1166 4282 igitur
1184 4199 1315 4267 inutile
1334 4206 1392 4268 est

332 4323 519 4414 ejusmodi
555 4339 624 4408 par
655 4321 869 4388 orationum
901 4322 1100 4407 inspicere.
1137 4322 1390 4404 Quamobrem

332 4447 625 4524 controversiam
641 4447 742 4515 illam
766 4446 953 4534 insignem
972 4448 1118 4534 eligam,
1140 4467 1228 4535 quae
1248 4450 1390 4520 Cottam

332 4580 429 4650 inter
447 4580 483 4645 et
502 4572 683 4644 Sabinum
702 4573 843 4658 legatos
862 4573 901 4640 in
917 4572 1077 4642 consilio
1097 4575 1247 4662 exstitit,
1265 4576 1329 4645 ubi
1344 4577 1391 4646 de
