3168 5180
778 533 954 603 ..76-

336 713 381 764 eo
413 696 580 783 quidem,
602 697 667 782 qui
706 697 958 783 arbitraretur,
994 716 1109 783 quarn
1139 699 1256 768 fuisse
1280 699 1403 770 Cottae

299 851 304 862 ·
336 822 552 908 opinionem
572 823 812 892 manifestum
835 829 903 912 est,
930 827 1057 894 omnia
1079 829 1193 897 verba
1210 827 1401 897 Ambiori-

336 950 392 1038 gis
407 951 500 1018 falsa
519 969 616 1038 esse,
637 957 674 1020 et
692 953 882 1038 praecipue
898 953 1007 1022 illud:
1033 955 1254 1024 «Omnibus
1275 956 1402 1026 hiber-

340 1099 357 1142 <‹
384 1077 443 1144 nis
459 1075 619 1145 Caesaris
634 1079 896 1164 oppugnandis
912 1079 1014 1160 huno
1029 1098 1114 1148 esse
1130 1082 1273 1150 dictum
1284 1081 1399 1168 diem,

341 1219 358 1262 u
384 1215 431 1265 ne
455 1214 530 1282 qua
548 1197 644 1283 legio
664 1198 790 1267 alterae
814 1199 950 1284 legioni
973 1200 1143 1269 subsidio
1164 1202 1293 1269 venire
1314 1219 1404 1288 pos-

342 1344 359 1387 r
385 1322 466 1391 setl.
491 1343 507 1386 i>
531 1321 580 1403 At
601 1322 738 1391 Sabino
757 1341 845 1390 vera
873 1342 958 1393 esse
991 1324 1054 1392 illa
1082 1344 1307 1411 persuasum
1328 1331 1398 1394 est.

341 1446 462 1529 Quare
482 1451 699 1534 argumenta
718 1448 752 1516 ei
772 1467 848 1516 non
870 1449 1061 1536 deficiunt,
1084 1451 1224 1535 quibus
1245 1452 1402 1537 collegae

340 1572 563 1641 sententiam
578 1573 772 1660 impugnet
786 1578 897 1658 atque
913 1575 1110 1643 confirmet
1125 1593 1245 1643 suem.
1264 1575 1403 1644 Contra

342 1695 486 1764 Cottam
509 1697 740 1804 demonstrat
763 1697 926 1782 primurn
951 1703 1092 1783 quanto
1124 1716 1211 1767 oum
1230 1700 1401 1785 periculo

340 1821 605 1909 proficiscendi
624 1839 730 1890 mora
749 1823 1064 1920 interponeretur:
1087 1825 1165 1893 fore
1186 1830 1227 1893 ut
1246 1843 1403 1911 augere-

342 1954 402 2016 tur
424 1947 591 2015 hostium
611 1947 810 2016 multitudo
831 1953 895 2015 aut
918 1949 1059 2035 aliquid
1079 1951 1299 2019 calamitatis
1318 1969 1404 2037 pro-

340 2073 440 2141 xima
454 2072 611 2141 hiberna
626 2073 849 2160 acciperent,
863 2074 1004 2142 nedum
1020 2075 1112 2160 ipsis
1128 2075 1300 2144 subsidio
1316 2094 1404 2144 esse

342 2202 527 2285 possent;
563 2197 697 2265 deinde
740 2199 881 2266 nullam
925 2199 963 2266 in
1009 2200 1155 2268 Caesare
1188 2202 1403 2288 ponendam

343 2345 428 2395 esse
448 2343 567 2413 spem,
588 2327 727 2412 quippe
752 2326 863 2410 cuius
895 2325 1165 2413 profectionem
1195 2328 1232 2394 in
1259 2327 1403 2395 ltaliam

343 2458 444 2522 certa
487 2453 625 2521 indicia
665 2452 892 2539 declarent,
932 2458 1012 2522 tum
1050 2472 1091 2522 se
1131 2471 1206 2522 non
1255 2454 1403 2523 hostem

344 2585 535 2649 auctorem
551 2578 711 2666 consilii,
729 2580 797 2648 sed
807 2598 887 2647 rem
903 2581 1024 2666 ipsam
1040 2581 1197 2649 habere:
1217 2581 1338 2649 Rheni
1353 2581 1404 2649 vi-

344 2705 545 2793 ciuitatem,
568 2708 840 2776 Germanorum
855 2707 903 2775 ob
927 2707 1141 2793 superiores
1157 2726 1202 2776 ex
1216 2708 1402 2776 Ariovisto

344 2840 548 2923 reportatas
566 2835 754 2920 victorias,
776 2835 966 2902 Gallorum
996 2835 1043 2902 ob
1060 2835 1239 2903 amissam
1259 2837 1406 2905 liberta·

343 2965 431 3047 tem,
449 2960 629 3047 dolorem,
642 2958 867 3046 Ambiorigis
883 2978 958 3027 non
971 2960 1053 3027 sine
1069 2965 1169 3028 certa
1189 2979 1255 3047 spe
1270 2960 1405 3029 initum

344 3086 570 3171 consilium,
592 3085 685 3153 adeo
706 3089 747 3152 ut
766 3084 977 3152 adhibenda
1005 3102 1090 3152 esse
1108 3085 1277 3153 videatur
1310 3085 1406 3153 fides

346 3202 504 3300 orationi
537 3202 630 3287 ejus.
657 3200 860 3286 Postquam
880 3200 951 3267 hac
979 3202 1300 3286 argumentatione
1321 3220 1404 3271 ora-

344 3333 437 3401 tioni
457 3331 572 3401 Cottae
592 3330 793 3399 auotoritas
813 3329 937 3397 omnis
957 3330 1129 3417 adempte
1144 3337 1212 3418 est,
1230 3350 1315 3417 quae
1331 3333 1407 3400 sint

347 3477 429 3526 suae
474 3429 669 3525 sententiae
707 3456 906 3524 commoda
948 3456 1099 3541 exponit
1131 3456 1317 3525 Sabinus:
1366 3458 1406 3525 in

348 3591 546 3670 utramque
565 3587 707 3669 partem
727 3585 845 3648 tutam
869 3597 952 3648 earn
972 3598 1080 3648 esse:
1105 3581 1136 3648 si
1157 3582 1257 3649 enirn
1277 3582 1406 3667 conjn-

347 3710 452 3796 ratio,
482 3725 597 3793 quam
617 3704 863 3774 enuntiaverit
894 3703 1097 3792 Ambiorix,
1120 3725 1196 3773 non
1230 3707 1279 3774 sit
1297 3707 1405 3792 iacta,

349 3853 437 3904 cum
460 3833 629 3920 proxime
656 3830 801 3916 legione
828 3848 913 3898 sese
937 3829 1018 3898 sine
1044 3830 1211 3916 periculo
1230 3833 1410 3918 conjunc-

348 3968 454 4030 turcs
474 3976 559 4027 esse
576 3977 584 4044 ;
606 3957 638 4025 si
652 3973 781 4024 revera
799 3955 896 4023 facta
915 3955 974 4042 sit,
990 3956 1151 4042 positam
1167 3957 1205 4023 in
1221 3958 1408 4026 celeritate

350 4089 531 4170 salutem3
553 4101 641 4153 cum
657 4082 772 4151 Cottae
792 4082 994 4149 consilium
1013 4081 1071 4150 vel
1091 4082 1249 4168 cladem,
1267 4083 1299 4151 si
1319 4101 1408 4151 con-

347 4213 483 4300 iuratio
508 4210 557 4279 sit
575 4210 682 4293 facta,
703 4208 761 4276 vel
782 4213 881 4276 certe
900 4208 1106 4293 longinqua
1134 4207 1330 4277 obsidione
1358 4211 1410 4278 fa-

350 4355 463 4423 mem,
486 4336 517 4404 si
538 4353 614 4403 non
634 4334 729 4402 lacta
753 4333 812 4418 sit,
831 4351 987 4401 necesse
1008 4333 1056 4400 sit
1075 4333 1194 4419 sequi.
1217 4333 1411 4404 Postremo

381 4583 441 4642 ¹27,
454 4584 481 4634 5.
