3152 5168
625 555 801 632 ..49-

186 724 254 814 eis,
283 743 371 812 quae
391 724 616 814 postulabat,
645 726 704 795 die
727 725 794 794 XII
824 742 873 792 m.
903 721 983 794 lan.
1009 717 1244 792 Rubiconem

186 852 343 921 transiit.
383 947 385 952 .
1024 912 1062 928 ,,
1180 921 1182 925 ,

229 977 359 1063 Itaque
378 995 444 1064 per
464 997 584 1046 annos
604 975 724 1044 maai
746 974 976 1047 617015016
997 977 1066 1047 fuit
1085 979 1245 1050 Caesaris

186 1121 312 1172 rerum
334 1108 466 1190 status,
489 1108 530 1171 01
554 1103 656 1171 omni
686 1121 756 1189 ope
781 1104 828 1170 ad
859 1103 1157 1174 confirmandam
1181 1123 1246 1192 po·

188 1227 342 1294 tentiam
370 1226 662 1312 dignitatemque
696 1245 804 1295 suam
834 1227 900 1295 niti
928 1247 1015 1297 eum
1045 1233 1243 1315 oporteret.

189 1351 308 1433 Quam
324 1353 371 1419 ad
386 1370 465 1419 rem
481 1353 775 1438 haudquaquam
795 1354 1051 1439 spernendum
1066 1354 1246 1444 auxilium

188 1478 391 1565 praebitura
414 1477 581 1564 proiecto
601 1483 679 1578 erat
703 1479 864 1546 narratio
891 1479 978 1547 belli
1006 1479 1147 1550 Gallici.
1179 1478 1246 1546 His

189 1605 301 1690 igitur
328 1604 501 1672 inarmis
528 1603 869 1672 Commentariorum
905 1604 945 1671 cta
979 1604 1079 1672 Bello
1111 1603 1246 1673 Gallico

189 1729 503 1816 compositionem
528 1747 548 1796 a
572 1729 719 1798 Caesare
745 1733 961 1816 susceptam
985 1747 1070 1798 esse
1096 1731 1248 1796 conten-

189 1855 277 1923 dere
311 1859 609 1922 consentaneum
647 1858 714 1922 est.
753 1853 805 1922 Eo
843 1858 987 1923 tantum
1021 1853 1249 1922 dissentiunt

188 1980 256 2047 viri
273 1979 483 2047 doctissimi
504 1979 779 2049 Schneiderusl
799 1986 835 2049 61
849 1979 1110 2066 Nipperdeius,
1128 1979 1247 2065 quiin

189 2124 233 2175 ea
270 2105 522 2192 disputatione
564 2105 848 2191 diligentissime
884 2106 1020 2174 versati
1064 2109 1164 2191 sunt,
1208 2109 1249 2172 ut

188 2231 306 2298 libros
327 2230 373 2299 de
395 2231 535 2317 quibus
556 2231 713 2318 agimus
735 2232 796 2300 ille
818 2232 939 2300 editos
959 2249 1044 2300 esse
1063 2231 1250 2298 existimet

190 2358 296 2426 initio
312 2357 401 2426 anni
422 2355 749 2444 7065100600
770 2357 923 2426 demum
946 2355 1069 2426 tol-50
1087 2357 1248 2449 scriptos

192 2500 278 2551 esse
311 2483 521 2551 arbitretur.
563 2481 672 2551 Anno
710 2482 863 2569 quidem
898 2480 1033 2570 tol-50,
1071 2488 1249 2576 opacata

191 2614 269 2677 tota
303 2608 419 2678 Gallia
453 2629 484 2694 1,
515 2612 556 2674 01
592 2608 713 2694 ipsius
744 2607 958 2695 Nipperdeii
990 2608 1114 2678 verbis
1152 2615 1247 2697 utar,

192 2752 209 2797 <t
245 2747 333 2799 oum
368 2749 492 2816 neque
520 2731 728 2816 quidquam
761 2749 802 2799 se
839 2731 877 2797 10
912 2730 1028 2799 Gallia
1055 2736 1249 2818 gesturum

189 2860 342 2945 videret,
367 2863 403 2925 61
431 2873 623 2924 summum
645 2856 763 2924 otium
796 2860 929 2924 nactus
962 2861 1063 2925 essct
1092 2877 1123 2944 u,
1154 2857 1251 2946 ejus·

190 2985 294 3054 modi
317 2983 441 3070 operis
469 2982 694 3051 conficiendi
721 2983 904 3069 optimum
932 2987 1082 3069 tempus
1111 2982 1250 3052 Caesari

190 3110 309 3179 fuisse
329 3128 406 3178 non
426 3127 618 3195 negamus.
641 3109 846 3178 Fatendum
862 3114 1057 3180 esttamen
1078 3128 1165 3178 eum
1184 3127 1251 3195 per

190 3236 354 3304 hiemem
383 3232 540 3322 tua-703,
566 3253 679 3320 quam
710 3235 749 3302 in
776 3235 901 3321 Belgio
922 3235 1032 3323 degit,
1063 3240 1099 3304 et
1132 3235 1250 3304 otium

189 3363 266 3448 jam
285 3360 478 3447 hahuisse,
500 3360 603 3446 quod
622 3360 713 3428 satis
729 3364 829 3428 esset
846 3360 926 3428 viro
945 3361 1040 3429 mira
1060 3359 1250 3428 scribendi

190 3487 364 3556 facilitate
384 3485 560 3573 praedito;
582 3490 618 3553 et
637 3485 841 3573 materiam,
863 3486 1056 3573 quoniam,
1078 3486 1250 3554 00016010

191 3613 499 3700 Vercingetorigis
518 3613 629 3700 bello,
648 3630 799 3681 omnem
819 3612 974 3681 Galliam
999 3612 1182 3681 devictam
1194 3612 1251 3698 ju-

193 3739 317 3809 dicare
348 3744 492 3826 poterat
524 3744 635 3824 atque
672 3739 756 3806 ideo
784 3735 986 3826 perlectam
1023 3756 1103 3808 rem
1141 3739 1251 3825 cujus

193 3886 309 3936 causa
341 3865 572 3954 provinciam
593 3866 695 3933 illam
714 3865 937 3951 expetiverat
957 3885 965 3952 3
994 3870 1030 3934 et
1054 3869 1248 3952 rationem,

193 4011 282 4063 cum
309 4011 354 4062 eo
374 3996 542 4079 tempore
571 3991 702 4059 Romae
728 3990 767 4057 in
792 3990 918 4077 ipsum
944 3991 1125 4059 acerrime
1153 3990 1253 4059 inve·

192 4121 373 4190 herentur
396 4117 608 4186 adversarii.
646 4115 863 4184 Schneideri
887 4116 998 4202 igitur
1026 4115 1250 4185 sententiam

178 4247 297 4314 nulla
307 4263 423 4314 causa
435 4248 492 4312 est
502 4261 570 4311 cur
588 4241 819 4327 rejiciamus3
841 4241 957 4309 immo
973 4241 1084 4309 etiam
1099 4257 1143 4308 eo
1159 4239 1251 4308 mihi

196 4373 315 4458 magis
334 4371 525 4458 probatur,
542 4368 645 4454 quod
664 4366 755 4434 mihi
774 4366 932 4454 videtur,
954 4367 986 4434 si
1014 4384 1096 4434 eam
1126 4365 1253 4451 sequi-

228 4605 235 4638 ¹
252 4605 291 4656 cf.
305 4603 412 4664 Kranerl
424 4602 472 4655 loo.
486 4602 531 4653 cit.
