3168 5180
737 503 914 573 ..70-

294 671 352 756 rit,
387 670 627 739 manifestum
655 673 713 737 est
744 685 831 737 eum
865 687 941 737 non
966 670 1090 737 solum
1124 670 1351 756 multiplices

188 811 190 814 ·
293 795 526 879 occasiones
544 813 639 880 quas
654 794 750 862 inter
765 810 891 862 rerum
911 812 933 860 a
952 812 993 862 se
1012 798 1203 880 gestarum
1223 814 1351 862 narra-

293 921 434 989 tionem
458 924 591 988 nactus
610 923 699 1005 erat,
730 918 942 987 ostentandi
962 919 1053 1004 quid
1073 919 1111 987 in
1136 920 1352 1006 eloquentia

288 1053 429 1136 posset,
451 1066 527 1117 non
546 1047 762 1134 arripuisse,
784 1047 851 1114 sed
867 1047 978 1116 etiam
994 1047 1209 1117 istiusmodi
1228 1054 1351 1118 osten-

287 1175 438 1243 tationis
448 1173 706 1259 suspicionem
717 1172 912 1258 diligenter
926 1173 1128 1259 defugisse.
1148 1174 1349 1260 Perperam

288 1304 412 1368 tamen
445 1299 533 1366 inde
563 1297 748 1383 jndicaret
779 1297 915 1383 aliquis
944 1316 1008 1366 eas
1047 1299 1237 1367 orationes
1272 1304 1349 1368 arte

287 1425 442 1494 omnino
471 1423 668 1492 destitutas
703 1441 800 1492 esse.
837 1422 1060 1509 Quanquam
1095 1425 1197 1492 enim
1223 1425 1351 1495 Caesar

286 1551 486 1620 oratoriam
501 1567 610 1618 suam
629 1548 843 1617 facultatem
858 1549 897 1615 in
911 1547 1189 1617 'Commentariis
1212 1569 1290 1638 prae
1306 1569 1349 1619 se

286 1678 382 1746 terre
397 1676 528 1761 noluit,
550 1675 666 1742 immo
687 1674 856 1742 studiose
876 1675 1077 1743 occultavit
1097 1681 1210 1761 atque
1234 1676 1349 1745 dissi-

286 1802 453 1887 mulavit,
471 1819 547 1869 uno
570 1800 724 1886 quidem
746 1804 900 1886 excepto
921 1800 1018 1886 loco,
1040 1802 1248 1870 orationem
1269 1803 1348 1871 Cri-

287 1918 428 2005 tognati
448 1917 559 2003 dico;
589 1915 670 1984 fieri
699 1920 824 1984 tamen
853 1934 929 1983 non
958 1917 1079 2003 potuit
1111 1918 1203 2003 quin
1232 1918 1348 1987 divini

285 2043 387 2112 illius
409 2042 548 2128 ingenii
569 2041 675 2127 signa
694 2041 913 2110 eminerent.
938 2041 1081 2128 ltaque,
1104 2044 1348 2129 quemadmo-

285 2169 377 2237 dum
409 2167 533 2236 eximii
570 2165 725 2252 pictoris
763 2184 919 2234 manum
952 2185 1029 2235 non
1054 2167 1180 2237 solum
1208 2168 1362 2237 tabulae-

284 2311 434 2363 summa
453 2311 544 2362 cura
563 2291 733 2378 depictae,
752 2309 884 2360 verum
913 2293 1024 2360 etiam
1049 2292 1192 2379 effigies
1212 2294 1345 2379 paucis

283 2419 394 2489 lineis
418 2419 552 2505 raptim
579 2417 811 2486 adumbratae
836 2417 1022 2503 indicant;
1051 2419 1100 2486 ita
1121 2437 1197 2487 non
1221 2420 1346 2487 solum

284 2545 407 2631 ampla
433 2549 544 2630 atque
566 2542 766 2630 magnifica
794 2543 995 2628 Critognati
1021 2542 1151 2629 oratio,
1178 2545 1246 2612 se'd
1270 2545 1344 2612 illae

283 2689 436 2756 quoque
464 2671 597 2739 breves
625 2669 848 2754 plerumque
878 2673 989 2754 atque
1022 2674 1231 2737 extenuatae
1260 2689 1344 2739 ora-

281 2795 417 2882 tiones
452 2813 538 2881 quae
567 2795 605 2861 in
639 2792 908 2861 Commentariis
946 2793 1089 2879 passim
1123 2801 1341 2883 occurrunt,

283 2920 423 2990 summi
434 2920 592 2990 oratoris
608 2924 724 2988 artem
740 2919 1000 2988 demonstrant
1014 2925 1051 2987 et
1064 2919 1343 3006 deperditarum

283 3046 442 3116 Caesaris
470 3045 694 3130 orationum,
723 3063 810 3130 quae
830 3063 1026 3118 nonossa
1045 3049 1202 3132 tantum,
1229 3051 1270 3114 ut
1293 3047 1343 3114 ita
1440 3098 1445 3107 .

282 3179 419 3263 dicam,
446 3177 513 3245 sed
537 3193 675 3262 corpus
705 3175 787 3243 suci
815 3176 970 3260 plenum
995 3175 1196 3261 vividoque
1216 3177 1342 3245 colore

281 3306 454 3374 ornatum
479 3306 595 3388 erant,
618 3300 847 3370 desiderium
867 3306 978 3385 atque
1003 3300 1171 3369 dolorem
1202 3302 1340 3370 mirum

280 3430 319 3498 in
342 3427 497 3496 modum
518 3431 664 3513 augent.
688 3426 803 3511 CuJus
823 3425 912 3493 artis
934 3425 1074 3494 indicia
1090 3427 1167 3512 jam
1187 3427 1339 3496 investi-

280 3553 465 3640 gabimus
491 3551 685 3620 nonnullis
714 3551 873 3637 exempli
900 3569 1015 3618 causa
1040 3552 1201 3637 sumptis
1221 3570 1266 3620 ex
1285 3553 1339 3620 eis

281 3678 527 3765 orationibus
555 3696 651 3762 quas
678 3676 804 3746 Caesar
828 3677 940 3762 paulo
969 3676 1092 3744 fusius
1131 3676 1336 3764 explicavit,

280 3803 533 3890 repositaque,
558 3808 599 3870 ut
623 3803 669 3870 de
693 3820 737 3870 ea
759 3800 869 3870 nobis
897 3807 1087 3871 extremus
1114 3803 1163 3869 sit
1200 3820 1337 3890 sermo,

281 3928 481 4015 Critognati
519 3928 698 4014 oratione,
733 3927 987 4013 pulcherrimo
1025 3927 1088 3995 illo
1118 3926 1339 3996 Caesarianae

280 4053 505 4139 eloquentiae
526 4057 783 4121 monumento.

324 4179 490 4248 Primum
511 4178 647 4265 Caesar,
665 4183 792 4265 utpote
812 4196 900 4246 cum
919 4183 955 4246 et
974 4178 1223 4247 subtilissimo
1242 4179 1348 4265 inge-1

281 4307 332 4376 nii
359 4281 533 4375 acumine
561 4305 741 4392 praeditus
775 4306 823 4373 sit
859 4309 896 4373 et
914 4305 1187 4392 amplissimam
1213 4323 1338 4374 rerum

282 4439 393 4518 atque
405 4431 601 4499 hominum
613 4428 808 4500 scientiam
823 4436 1075 4516 comparatam
1091 4431 1236 4515 habeat,
1258 4449 1338 4500 om-

282 4555 517 4644 nia‚,quaein
538 4574 765 4643 unaquaque
789 4561 878 4624 sunt
905 4574 1020 4625 causa
1047 4559 1105 4626 vel
1125 4558 1172 4626 ad
1204 4559 1341 4630 contir-
