3168 5180
666 518 843 587 41-

219 682 400 752 mendum
418 683 476 757 vel
492 684 539 753 ad
558 683 804 752 refellendum
832 683 1020 771 perspicit.
1052 683 1182 769 Itaque
1202 701 1282 753 ora-

220 808 354 897 tioneS,
376 828 472 896 quas
486 810 544 904 vel
569 828 590 878 a
609 828 650 878 se
664 808 723 876 vel
743 809 789 877 ab
810 808 892 876 aliis
926 809 1155 894 quibusdam
1174 809 1280 877 habi-

219 939 277 1002 tas
292 952 377 1004 esse
391 936 514 1023 refert,
527 954 572 1003 ex
586 935 641 1004 eis
656 951 805 1019 semper
819 939 1005 1022 constant,
1023 954 1109 1021 quac
1119 936 1280 1004 maxime

217 1061 499 1130 accommodata
518 1066 608 1129 sunt
627 1060 673 1128 ad
693 1078 776 1128 eam
791 1077 870 1129 rem
891 1059 1140 1149 efficiendam,
1162 1080 1277 1148 quarn

216 1187 263 1255 oh
292 1205 370 1256 rem
399 1192 457 1256 est
480 1187 610 1271 oratio,
645 1186 723 1254 sive
748 1185 982 1255 audientium
1010 1192 1156 1256 mentes
1185 1187 1276 1258 edo-

215 1315 348 1401 cendo,
361 1315 438 1382 sive
454 1313 601 1382 animos
616 1312 886 1400 permulcendo
902 1318 966 1381 aut
985 1313 1274 1382 commovendo.

259 1440 368 1523 Quod
387 1445 429 1508 ut
442 1439 663 1524 declaretur,
680 1439 887 1507 orationem
913 1439 1077 1527 primurn
1104 1440 1278 1526 inspicia-

214 1585 313 1654 muS,
349 1585 424 1652 qua
443 1565 580 1650 milites
600 1581 641 1632 se
668 1563 952 1633 confirmavisse
979 1565 1102 1652 tradit,
1135 1570 1277 1634 terrore

214 1692 388 1762 Ariovisti
408 1697 519 1776 atque
535 1685 808 1759 Germanorum
823 1690 1020 1776 perculsos
1035 1691 1055 1758 ¹.
1073 1690 1144 1780 Qui
1160 1695 1279 1761 terror

215 1823 380 1907 quantus
394 1817 516 1903 fuerit,
534 1816 713 1902 praeclare
728 1814 854 1884 Caesar
873 1788 1173 1885 demonstravitt.
1193 1816 1280 1886 Om-

215 1947 328 2016 nibus
351 1945 462 2031 igitur
489 1941 698 2010 rationibus
717 1940 937 2010 enitendum
957 1947 1035 2011 erat
1063 1943 1277 2030 imperatori

213 2078 266 2159 ut,
282 2069 442 2141 consilio
457 2072 676 2152 convocatu,
699 2067 914 2136 ostenderet
932 2068 1025 2136 nihil
1041 2087 1126 2137 esse
1145 2069 1279 2138 timen-

214 2199 318 2284 dum,
333 2197 475 2265 nedum
485 2199 630 2262 tantum
645 2192 856 2280 periculum
876 2198 988 2281 esset,
1005 2200 1188 2281 quantum
1204 2193 1277 2263 sihi

213 2324 363 2408 militeS,
384 2320 615 2390 ,rumoribus
650 2317 841 2387 Gallorum
875 2323 987 2405 atque
1024 2325 1277 2392 mercatorum

214 2447 405 2534 commoti,
423 2445 631 2512 finxissent.
650 2443 792 2530 Itaque,
804 2448 1006 2530 postquam
1017 2446 1123 2516 initio
1144 2448 1283 2517 oratioi

214 2557 274 2645 nis
302 2590 433 2644 eorum
462 2571 709 2657 arrogantiam
729 2570 927 2656 incusavit,
950 2572 1015 2657 qui
1046 2597 1062 2635 «
1080 2578 1143 2641 aut
1162 2591 1277 2660 quarn

217 2730 233 2767 «
253 2704 292 2771 in
312 2701 530 2790 partemaut
544 2715 621 2783 quo
641 2695 801 2765 consilio
821 2697 1061 2786 ducerentur,
1084 2699 1156 2768 sibi
1177 2719 1279 2786 quae-

217 2856 234 2895 «
249 2828 414 2898 ‘rendum
429 2828 493 2892 aut
507 2822 748 2909 cogitandum
764 2846 780 2884 »
797 2823 1021 2910 putaverint,
1038 2826 1278 2912 ostenditque

215 2951 470 3035 callidissime,
492 2949 664 3034 quamvis
684 2965 761 3015 non
795 2948 938 3035 dixerit,
962 2967 1077 3034 quam
1101 2951 1150 3018 sit
1185 2951 1279 3019 indi-

215 3097 312 3166 gnus
330 3075 419 3143 viris
439 3074 599 3143 fortibus
618 3078 738 3142 terror
753 3067 827 3158 ille,
849 3091 938 3140 cum
966 3092 1014 3142 ne
1038 3081 1182 3144 certum
1198 3077 1278 3162 qui·

217 3206 303 3273 dem
323 3203 370 3272 sit
388 3200 530 3268 bellurn
550 3217 638 3268 cum
659 3197 842 3267 Ariovisto
871 3198 975 3286 fore;
997 3203 1180 3270 revocatis
1214 3204 1277 3271 tali

217 3329 368 3399 exordio
389 3326 526 3396 animis
546 3325 592 3392 ad
611 3324 796 3410 pudorem
816 3324 982 3392 derelicti
1003 3326 1117 3394 officii
1136 3346 1278 3414 praepa-

216 3457 381 3541 ratisque
402 3452 448 3521 ed
468 3468 563 3535 eam,
581 3468 667 3535 quae
689 3453 866 3517 secutura
892 3455 960 3536 est,
992 3452 1172 3520 orationis
1192 3472 1276 3540 par-

217 3587 313 3666 tem,
332 3584 414 3647 turn
434 3578 588 3645 demum
607 3574 654 3642 ad
673 3591 752 3642 rem
772 3573 893 3660 ipsam
913 3577 1025 3663 venit,
1048 3583 1089 3645 ut
1102 3579 1276 3648 timorem

218 3709 410 3794 impugnet
434 3707 545 3788 atque
570 3700 740 3787 depellat.
775 3725 791 3762 «
817 3700 914 3782 Quid
933 3704 1084 3771 tandem
1107 3724 1278 3775 vereren-

219 3863 236 3900 «
261 3833 345 3902 tur‘l
365 3835 428 3898 aut
443 3848 511 3897 cur
526 3828 572 3895 de
595 3845 664 3895 sua
680 3827 814 3894 virtute
830 3831 894 3895 aut
910 3827 956 3897 de
979 3828 1099 3915 ipsius
1119 3831 1276 3919 diligen-

220 3985 236 4024 «
261 3959 312 4026 tia
336 3953 604 4042 desperarent‘.l
633 3976 649 4014 »
680 3951 909 4038 Argumenta
934 3953 1045 4042 igitur
1071 3956 1149 4042 jam
1174 3977 1276 4027 nunc

216 4084 390 4172 proferet,
418 4080 558 4167 quibus
584 4078 804 4164 comprobet
827 4096 950 4165 neque
970 4099 1052 4149 eam
1082 4100 1166 4152 esse
1191 4084 1277 4153 Ger·

216 4227 416 4281 manorum
434 4208 622 4292 virtutem,
644 4222 759 4290 quam
774 4223 952 4292 superare
967 4214 1128 4293 nequeat
1143 4209 1276 4278 Roma-

248 4421 255 4454 ¹
270 4421 292 4482 I,
304 4419 341 4471 lo.
358 4444 387 4455 -
406 4418 444 4466 De
454 4416 504 4465 hac
516 4414 642 4478 oratione,
657 4413 727 4463 Lisle
739 4415 788 4476 (op.
802 4416 850 4464 cit.
871 4415 898 4466 15
906 4419 973 4479 sqq.)
986 4416 1069 4466 fusius
1081 4417 1228 4481 disputavit
1239 4423 1274 4480 et,

216 4517 267 4566 quo
274 4500 366 4551 melius
379 4497 486 4548 Caesaris
495 4498 578 4545 artem
589 4494 742 4553 declararet,
752 4509 812 4543 cum
824 4510 854 4544 ea
865 4496 1129 4548 contulitoretionem
1139 4514 1217 4563 quam
1230 4500 1277 4550 Dio

219 4583 320 4634 Cestius
335 4577 504 4644 (XXXVIII,
517 4575 603 4639 oete)
616 4575 648 4625 de
660 4574 755 4626 eisdem
771 4575 846 4626 rebus
859 4577 954 4627 Caesari
974 4578 1088 4630 affinxit.
1101 4605 1129 4620 -
1144 4581 1154 4614 ²
1173 4579 1193 4643 l,
1207 4581 1244 4634 39,
