3168 5180
762 527 806 540 ..
828 487 939 568 94...

308 655 466 742 'quihus
481 652 642 724 maxime
662 671 721 723 res
737 673 759 722 a
773 674 814 724 se
833 659 956 742 gestas
976 655 1200 742 composuit.
1218 653 1389 724 Breviter

323 781 433 868 igitur
448 780 649 854 conclusas
669 785 706 848 et
724 781 833 865 quasi
853 785 1070 850 extenuatas
1097 785 1285 850 orationes
1305 779 1387 848 fere

312 904 471 996 ,semper
506 905 684 992 exhibuit,
712 922 874 992 quaeque
906 906 1062 992 obliquo
1086 923 1262 976 sermone
1289 923 1388 990 quo·

322 1031 523 1102 dammodo
549 1031 878 1100 dissimularentur
896 1036 933 1100 et
954 1050 1041 1100 cum
1062 1033 1274 1102 narratione
1293 1052 1388 1103 con-

321 1155 578 1224 funderentur.
601 1153 733 1240 Neque
752 1154 878 1223 solum
896 1172 973 1223 non
993 1157 1160 1244 arripuit,
1182 1159 1250 1226 sed
1269 1159 1386 1228 etiam

322 1297 562 1367 summopere
589 1279 716 1348 vitavit
744 1281 965 1350 occasiones
994 1283 1165 1352 oratoriae
1194 1284 1386 1353 facultatis

321 1405 568 1505 ostentandae,
586 1421 633 1473 ne
648 1422 723 1490 qua
742 1405 928 1492 mendacii
948 1407 1170 1495 artificiique
1190 1411 1318 1496 opinio
1342 1410 1385 1477 in

320 1531 524 1620 legentium
541 1530 677 1598 animis
697 1529 812 1599 lieret.

365 1658 471 1746 Saepe
496 1657 597 1726 enim
622 1657 810 1726 orationes
838 1658 913 1726 illae
936 1659 1064 1729 minus
1094 1661 1266 1731 videntur
1290 1663 1385 1731 artis

320 1771 470 1871 habere,
493 1800 608 1869 quam
632 1801 760 1852 revera
785 1782 935 1853 habent.
965 1785 1002 1855 Si
1029 1787 1116 1873 quis
1139 1795 1387 1877 properanter

322 1908 599 1978 Commentarios
627 1906 823 1994 percurrit,
852 1908 922 1994 vel,
945 1908 1117 1994 quamvis
1146 1914 1284 1979 attento
1305 1887 1406 1979 am-¹

319 2053 394 2123 mu,
425 2035 496 2104 alia
528 2051 686 2121 prorsus
720 2051 835 2101 causa
868 2034 966 2121 legit,
987 2054 1102 2121 quam
1122 2043 1163 2105 ut
1189 2038 1384 2106 scribendi

319 2159 450 2230 laudes
470 2159 678 2245 investiget,
701 2176 788 2226 eum
808 2159 975 2245 profecto
999 2161 1037 2227 in
1057 2180 1099 2231 se
1118 2163 1273 2234 minime
1293 2184 1384 2235 oon-

317 2292 477 2384 vertunt.
496 2285 698 2372 Diligenter
711 2302 800 2353 vero
816 2303 880 2354 eas
898 2287 1125 2376 inspicienti,
1136 2295 1172 2359 et
1186 2308 1385 2377 argumen-

318 2418 443 2482 torum
462 2413 497 2480 vi
527 2418 639 2497 atque
664 2413 952 2499 opportunitate,
983 2418 1019 2481 et
1042 2414 1300 2502 dispositionis
1325 2438 1385 2487 sa-

318 2541 457 2627 pientia
476 2544 589 2627 atque
609 2537 820 2624 calliditate,
838 2544 874 2607 et
888 2557 1164 2627 nonnunquam
1179 2543 1290 2622 etiam
1305 2545 1383 2613 stili

312 2665 530 2752 virtutibus,
553 2643 739 2733 oratorem
759 2665 920 2733 summis
943 2667 1155 2736 oratoribus
1176 2687 1304 2755 parem
1326 2670 1382 2737 in-

318 2791 455 2860 dicant.

318 2925 320 2930 “
362 2917 493 3002 Neque
530 2919 667 3003 tamen,
703 2917 736 2984 si
773 2915 860 3002 quis
893 2916 1099 2986 acerrimus
1132 2919 1257 3006 legum
1290 2921 1382 2989 artis

316 3042 440 3112 fautor
458 3045 570 3127 atque
589 3040 765 3109 defensor
780 3045 848 3127 est,
866 3041 966 3128 apud
981 3059 1069 3110 eum
1085 3041 1210 3113 Caesar
1224 3047 1381 3116 omnino

265 3223 267 3230 .
317 3166 610 3256 reprehensione
643 3170 755 3234 caret.
783 3165 904 3248 Quam
928 3167 1029 3236 enim
1052 3168 1204 3256 culpam
1235 3174 1381 3239 veteres

317 3310 444 3364 rerum
488 3291 691 3379 scriptores
738 3292 1042 3379 frequentissime
1092 3295 1378 3384 commiserunt,

318 3437 453 3507 nempe
469 3423 511 3486 ut
525 3417 726 3504 orationes
749 3422 944 3486 accuratas
960 3419 1113 3504 quidem
1133 3426 1169 3488 et
1187 3421 1379 3510 pulchrae,

316 3546 385 3616 sed
412 3563 587 3633 personae
615 3544 773 3614 oratoris
801 3561 934 3631 parum
963 3549 1046 3631 apte
1061 3549 1378 3637 accommodatas,

317 3669 548 3756 exhiberent,
578 3668 624 3738 ab
654 3686 697 3736 ea
730 3668 841 3755 culpa
874 3668 955 3755 ipse
983 3686 1059 3737 non
1092 3670 1234 3757 ubique
1259 3673 1378 3760 abest,

318 3813 538 3884 quanquam
559 3793 680 3863 forma
708 3794 883 3862 ellectum
901 3799 969 3881 est,
1000 3813 1075 3880 qua
1090 3797 1278 3867 orationes
1302 3779 1381 3868 tan-

317 3932 399 3994 tum
419 3938 641 3994 nonomnes
665 3921 828 4008 tradidit,
841 3939 888 3990 ne
905 3921 944 3988 in
959 3921 1178 4007 huiusmodi
1197 3926 1381 4014 vitupera·

312 4050 458 4118 tionem
474 4063 575 4133 saepe
587 4046 780 4114 incurrere
795 4050 935 4132 posset.
953 4044 1125 4132 Namque
1141 4049 1299 4119 orationi
1312 4052 1379 4140 illi,

318 4190 433 4259 quam
449 4169 662 4257 Critognato
698 4167 864 4257 affinxit?
879 4187 924 4238 ex
949 4170 1139 4259 omnibus,
1166 4190 1261 4258 quas
1283 4175 1382 4245 inse·

316 4301 402 4387 ruit,
422 4297 541 4368 multo
563 4269 825 4384 praestantiori,
852 4296 890 4364 id
909 4315 1031 4365 unum
1048 4298 1136 4366 vitio
1149 4298 1233 4385 jure
1258 4301 1378 4392 datur,

319 4444 403 4496 eam
421 4424 535 4494 nimis
554 4441 640 4493 esse
652 4423 869 4512 perfectam,
885 4443 1001 4512 quam
1016 4431 1057 4495 ut
1071 4445 1092 4497 a
1106 4427 1265 4498 barbaro
1280 4434 1317 4499 et
1328 4430 1383 4499 in·

326 4555 429 4624 culto
448 4551 603 4623 homine
622 4550 721 4622 dicta
735 4551 853 4621 fuisse
872 4552 1022 4625 feratur.
