3152 5168
530 1189 713 1268 PARS
773 1189 1001 1281 PRIMA

684 1439 855 1459 mmmmm

413 1664 614 1729 conuentis
638 1663 749 1715 VERAE
773 1663 858 1729 SINT
885 1661 1113 1732 cantiones.

650 1912 887 1928 ΜΛΜΜΜΜΝᾺΜΛΡ

278 2189 428 2260 Nemini
443 2188 602 2258 dubium
621 2191 679 2257 est
692 2187 785 2274 quin
804 2187 994 2272 orationes
1008 2189 1150 2278 rnnltae,
1169 2209 1294 2273 cuma

231 2317 395 2402 Caesare,
415 2313 561 2390 turneb
581 2312 664 2380 aliis
684 2312 742 2380 vel
768 2330 926 2382 suorum
949 2313 1008 2382 vel
1029 2314 1293 2404 harbarorum,

235 2442 372 2516 habitae
396 2440 471 2510 sint
493 2457 559 2525 per
584 2456 651 2506 eos
679 2455 813 2524 annos,
839 2456 905 2524 per
929 2457 1028 2525 quos
1060 2438 1294 2528 provinciam

235 2568 394 2644 Gelliam
413 2583 480 2653 pro
500 2563 658 2632 consule
677 2563 849 2632 obtin-uit.
873 2563 1045 2653 Namque
1063 2570 1102 2634 et
1124 2567 1196 2654 ipsi
1214 2587 1297 2656 per·

236 2713 339 2782 saepe
353 2692 463 2761 allate
477 2694 535 2758 est
548 2689 728 2762 orationis
740 2689 959 2776 necessitas,
970 2696 1011 2760 ut
1029 2692 1130 2778 opud
1144 2693 1308 2780 milites.

239 2829 275 2893 et
293 2819 483 2910 precipue
518 2821 719 2901 antequam
751 2816 873 2904 proelii
910 2816 1061 2903 signum
1098 2819 1214 2907 deret,
1252 2840 1299 2906 ex

239 2942 514 3020 consuetudine
546 2941 688 3009 ducum
712 2939 954 3026 antiquorum
982 2943 1262 3016 contionaretur
1289 2966 1297 3032 ;

240 3077 293 3161 ut,
306 3069 515 3141 convocato
525 3065 702 3153 consiliO,
713 3051 842 3153 legetis
852 3066 1090 3155 tribunisque
1110 3070 1199 3154 quid
1217 3071 1300 3140 lieri

239 3199 349 3270 vellet
368 3195 657 3276 demonstrarem
679 3195 720 3259 ut
733 3208 827 3260 cum
845 3192 1015 3262 barbaris
1039 3193 1095 3264 de.
1110 3171 1299 3265 condicio·

240 3326 354 3396 nibus
373 3320 478 3409 pacis
497 3323 563 3387 aut
580 3317 626 3386 de
646 3317 781 3386 ceteris
800 3318 976 3388 rebusad
996 3337 1106 3396 suern
1121 3338 1300 3392 eorumve

242 3450 438 3524 utilitatem
456 3442 730 3532 pertinentibus
749 3448 884 3529 ageret.
907 3442 951 3512 Et
970 3443 1038 3531 eie,
1058 3463 1158 3532 quos
1178 3449 1301 3536 copia·

241 3594 326 3646 rurn
340 3571 435 3662 parti
449 3567 647 3657 prefectos
666 3567 714 3636 ad
732 3567 874 3636 bellum
889 3568 1043 3654 aliquod
1056 3569 1206 3658 longius
1221 3590 1243 3641 a
1258 3591 1300 3642 se

243 3699 448 3792 gerendum
481 3693 659 3778 mittebat,
686 3692 827 3770 eaedem
861 3691 937 3761 fere
956 3711 1084 3763 causae
1111 3696 1225 3766 verba
1251 3696 1301 3766 fe-

243 3825 367 3898 ciendi
394 3822 556 3892 fuerunt.
586 3817 665 3886 Nec
692 3817 862 3886 barbaris
893 3816 1045 3914 defuere
1078 3822 1301 3890 occasiones

246 3952 310 4022 ubi
329 3948 476 4036 negotia
495 3943 655 4013 dicendo
676 3941 906 4012 conficerent
927 3961 933 4009 :
957 3943 1095 4030 quippe
1115 3945 1181 4031 qui
1201 3946 1302 4022 haud

244 4098 327 4149 raro
361 4075 547 4145 Caesarem
570 4068 757 4156 legatosve
781 4068 863 4155 ejus
888 4069 1302 4162 adierint,pleru1nque

245 4211 287 4280 ut
304 4217 436 4292 pacem
455 4201 520 4266 eut
533 4195 713 4264 auxilium
728 4198 913 4280 peterent3
930 4194 1032 4278 haud
1046 4214 1130 4265 raro
1150 4196 1246 4266 inter
1260 4213 1302 4265 se

245 4324 534 4418 conjuraverint,
557 4325 597 4390 ut
615 4319 795 4406 civitates,
816 4295 1044 4403 consociatis
1064 4321 1219 4407 viribus,
1233 4322 1303 4404 RO-

245 4470 444 4529 manorum
467 4449 543 4517 vini
562 4447 784 4534 repellerent
811 4451 847 4515 et
865 4447 995 4532 petrice
1014 4447 1222 4516 libertatem
1248 4466 1304 4517 re·

247 4583 409 4666 linerent
417 4576 475 4649 vel
487 4574 738 4654 restituerent.
755 4571 887 4662 ltaque
900 4573 939 4656 in
954 4572 1211 4660 belloisscllico
1224 4578 1303 4662 pop
