3168 5180
686 500 862 570 -53-

238 671 362 756 ribus,
402 670 467 754 qui
502 672 608 734 aetate
643 667 689 733 ad
714 665 862 732 ‘bellum
893 661 1044 728 inutiles
1076 658 1302 739 viderentur,

242 792 448 878 toleranda,
475 807 626 858 summa
647 785 837 874 diligentia
863 789 975 870 atque
995 787 1072 850 arte
1096 780 1302 868 explicavit,

244 913 497 998 indicavitque
516 912 597 998 ipse
617 929 692 996 qua
712 909 758 978 de
778 925 894 976 causa
917 905 955 974 id
974 901 1131 981 faceret*
1155 923 1171 970 ;-
1186 925 1203 968 u
1220 899 1305 970 Non

247 1037 551 1128 «praetereunda
584 1036 702 1105 oratio
741 1031 942 1119 Critognati
978 1031 1125 1100 videtur
1156 1033 1317 1116 propter·

248 1192 265 1229 «
291 1166 373 1250 ejus
394 1163 623 1248 singularem
636 1166 672 1230 et
690 1159 871 1228 nefariam
887 1157 1155 1225 crudelitatem.
1175 1177 1192 1220 1
1214 1154 1308 1223 Cum

247 1295 322 1356 tam
342 1286 472 1354 multis
493 1285 588 1353 locis
614 1283 701 1351 vitia
719 1281 966 1349 barbarorum
989 1279 1215 1366 expresserit
1235 1278 1310 1345 Cae-

248 1433 321 1500 sar,
331 1430 475 1498 paucos
488 1410 692 1478 admodum
708 1409 808 1476 bona
823 1407 948 1474 indole
963 1405 1141 1492 praeditos
1150 1404 1307 1489 induxit,

251 1544 291 1606 ut
306 1543 363 1606 est
381 1535 585 1604 Divitiacus
604 1529 779 1602 AEduus².

296 1661 554 1748 Segregandus
575 1666 822 1728 aceterorum
843 1677 1001 1727 numero
1025 1659 1180 1727 honoris
1197 1677 1312 1725 causa

197 1869 199 1872 ,
248 1790 395 1857 videtur
408 1787 697 1872 Vercingetorix,
720 1791 761 1853 ut
778 1784 940 1853 breviter
959 1785 1195 1852 declaremus
1220 1803 1313 1870 qua-

253 1916 326 1983 lem
341 1915 466 1982 Caesar
479 1912 561 1997 eJus
574 1912 655 1997 viri,
668 1911 970 1998 praestantissimi
984 1927 1115 1977 eorum
1128 1910 1313 1994 omnium,

253 2040 318 2125 qui
339 2038 453 2106 Gallis
474 2036 654 2104 adversus
671 2036 862 2104 Romanos
878 2035 940 2103 illa
955 2039 1062 2102 aetate
1076 2033 1174 2102 bella
1189 2053 1317 2121 geren-

254 2156 354 2222 tibus
374 2153 618 2241 praefuerunt,
640 2151 801 2237 effigiem
821 2151 1054 2220 orationibus
1070 2151 1316 2218 adumbrave-

254 2281 311 2348 rit.
331 2280 456 2364 Longe
489 2278 601 2364 igitur
629 2277 735 2345 abest
762 2282 804 2344 ut
835 2294 924 2345 eum
944 2279 1098 2346 omnino
1117 2276 1317 2345 virtutibus

256 2405 476 2474 destitutum
492 2403 720 2471 exhibuerit:
739 2403 842 2487 quod
862 2401 1028 2470 hominis
1050 2403 1211 2489 imperiti
1230 2403 1320 2470 fuis-

257 2535 313 2599 set
333 2534 369 2596 et
397 2548 477 2595 suae
511 2528 612 2595 laudi
647 2528 743 2594 male
778 2527 1024 2595 consulentis.
1045 2527 1170 2596 Voluit
1189 2533 1320 2596 contra

259 2654 469 2740 legentibus
503 2652 761 2748 demonstrare
794 2669 835 2720 se
865 2671 909 2720 ex
929 2653 1075 2739 egregio
1096 2653 1319 2739 imperatore
1435 2673 1440 2682 ·

257 2778 452 2847 victoriam
476 2777 736 2862 reportavisse.
760 2776 909 2844 Primus
938 2779 1039 2845 enim
1068 2778 1238 2846 omnium
1259 2779 1321 2845 ille

257 2905 367 2990 plane
383 2903 563 2970 intellexit
578 2921 653 2988 qua
668 2903 812 2970 ratione
822 2903 965 2970 bellum
981 2903 1319 2972 administrandum

259 3033 371 3115 esset,
394 3033 434 3095 ut
449 3027 574 3113 aliqua
589 3032 690 3096 esset
710 3027 823 3096 Gallis
844 3046 931 3113 spes
949 3030 1136 3098 vincendi.
1170 3052 1186 3094 (1
1208 3029 1323 3098 Docet

262 3177 278 3220 (1
304 3155 414 3240 longe
434 3153 506 3221 alia
525 3154 668 3221 ratione
689 3172 773 3221 esse
793 3154 935 3230 bellum
966 3156 1184 3242 gerendum,
1212 3161 1322 3241 atque

263 3303 279 3346 1
306 3285 414 3348 antea
428 3283 576 3365 gestum
596 3279 655 3347 sit.
679 3277 864 3347 Omnibus
883 3280 1008 3348 modis
1040 3279 1129 3349 huic
1157 3283 1211 3350 rei
1244 3287 1322 3350 stu·

263 3428 279 3472 1
308 3405 487 3491 (1111111111,
500 3409 542 3471 ut
551 3404 790 3490 pabulatione
801 3409 837 3472 et
847 3411 1059 3474 commeatu
1068 3407 1228 3476 Romani
1243 3426 1326 3494 pro-

263 3554 280 3597 1
306 3531 516 3598 hibeantur.
534 3529 577 3597 ld
597 3548 682 3598 esse
697 3529 930 3616 facile,quod
941 3533 1108 3617 equitatu
1123 3533 1195 3620 ipsi
1211 3536 1326 3604 abun-

264 3679 281 3722 1
308 3636 397 3724 dent
412 3660 448 3722 et
467 3655 570 3741 quod
594 3655 683 3722 anni
698 3660 865 3742 tempore
881 3655 1164 3727 subleventur...
1194 3661 1327 3731 Praete-

265 3803 281 3848 1
307 3799 371 3849 111
390 3781 604 3849 communis
639 3781 770 3848 salutis
791 3800 907 3850 causa
934 3783 987 3850 rei
1013 3784 1206 3854 familiaris
1226 3805 1327 3857 com-

266 3930 282 3973 1
308 3906 421 3975 moda
442 3906 694 3992 neglegenda:
723 3907 828 3975 vicos
849 3913 960 3993 atque
989 3909 1148 3978 aedificia
1176 3912 1326 3981 incendi

265 4054 281 4098 «
310 4036 480 4118 oportere
513 4032 586 4099 hoo
615 4030 734 4116 spatio
755 4031 800 4099 ab
826 4032 886 4099 via
918 4051 1220 4124 quoquoversus,
1250 4055 1326 4122 quo

267 4181 283 4224 1
310 4156 513 4244 pabulandi
530 4175 644 4224 causa
674 4140 775 4224 adire
795 4175 907 4242 posse
936 4158 1172 4229 videantur...
1196 4163 1329 4232 Praete-

265 4306 282 4349 1
308 4301 371 4352 rea
391 4283 527 4370 oppida
548 4283 699 4350 incendi
720 4288 903 4369 oportere,
921 4303 1007 4370 quae
1024 4305 1100 4353 non
1119 4289 1328 4357 munitione

295 4541 304 4580 1
318 4543 379 4606 vu,
393 4546 431 4608 π,
444 4546 467 4599 2,
480 4547 531 4586 --2
546 4544 587 4595 (tf.
599 4545 743 4608 presertim
761 4545 782 4607 1,
795 4546 840 4598 20.
