3168 5180
773 563 950 634 ..44-

334 749 352 788 «
376 725 638 812 impunitatem
660 725 879 794 concedere.
910 748 926 788 »
947 725 1149 794 Victoriam
1165 744 1186 792 a
1201 742 1241 794 se
1263 741 1394 810 repor-

332 854 446 919 tatam
466 869 510 919 ex
526 851 652 938 GalliS,
670 853 734 936 qui
750 856 836 937 post
855 849 981 921 Sabini
1001 856 1038 919 et
1051 851 1166 920 Cottae
1186 852 1393 938 legatorum

332 976 477 1045 cladem
498 981 620 1045 castra
635 976 676 1058 Q.
699 977 888 1045 Ciceronis
905 981 1220 1063 oppugnaverant,
1242 994 1318 1044 non
1334 993 1395 1044 so-

336 1103 415 1172 lum
434 1103 595 1170 militum
610 1103 748 1189 virtuti,
770 1103 837 1170 sed
854 1101 1038 1171 beneficio
1058 1120 1211 1190 quoque
1235 1102 1393 1170 deorum

333 1228 602 1297 immortalium
646 1229 746 1314 apud
785 1245 876 1296 suos
915 1228 1138 1297 contionans
1177 1227 1343 1296 attribuit
1369 1227 1390 1294 ¹.

336 1353 455 1437 Quam
476 1354 634 1424 Caesaris
667 1354 841 1441 pietatem
865 1354 966 1422 haud
998 1353 1139 1438 ingrate
1165 1353 1289 1421 ferunt
1313 1352 1391 1437 dii3

335 1480 386 1549 dii
403 1479 588 1550 Caesarem
603 1485 775 1565 tuentur;
793 1479 1005 1547 felicitatem
1017 1496 1126 1547 suam
1139 1477 1393 1546 Helvetiorum

333 1605 432 1673 bello
452 1624 537 1674 esse
557 1610 791 1693 perspectam
820 1609 976 1673 testatur
1001 1605 1039 1674 in
1060 1623 1104 1674 eo
1125 1603 1296 1689 oonsilio,
1327 1602 1392 1670 ubi

335 1749 575 1818 summopere
605 1731 797 1799 contendit
821 1736 862 1798 ut
893 1734 1073 1799 terrorem
1098 1729 1285 1816 Ariovisti,
1315 1746 1393 1813 quo

334 1848 452 1916 teneri
468 1867 559 1916 suos
579 1849 763 1934 cognovit,
781 1847 961 1916 dissolvat
974 1841 996 1914 ².
1022 1847 1152 1934 Neque
1172 1850 1296 1914 tamen
1321 1843 1393 1912 diis

334 1973 372 2041 in
388 1992 513 2042 rerum
534 1993 688 2042 suarum
708 1975 939 2061 expositione
958 1979 1103 2044 tantum
1127 1974 1228 2043 dedit
1253 1974 1391 2057 locum,

334 2107 515 2186 quantum
533 2102 682 2170 dedisse
698 2108 845 2170 constat
860 2101 1013 2188 Sullam,
1026 2101 1269 2188 quiprodigia
1288 2099 1394 2168 alias-

335 2243 409 2310 que
424 2244 497 2312 reS‚
519 2226 658 2311 quibus
679 2227 835 2294 deorum
851 2226 1060 2294 voluntates
1080 2225 1259 2294 declarari
1283 2225 1393 2310 vulgo

335 2351 654 2438 existimabantur,
676 2351 872 2437 diligenter
890 2344 1097 2419 retulerat³.
1121 2351 1204 2437 Sed,
1222 2351 1393 2435 quamvis

335 2479 453 2562 magis
472 2477 639 2563 profecto
667 2477 739 2545 sibi
761 2476 978 2563 confideret,
1007 2495 1120 2563 quam
1146 2477 1218 2546 diis
1241 2477 1393 2563 publico

334 2603 437 2672 cultu
454 2603 768 2688 celebratiS‚(1uos
781 2603 905 2671 nullos
921 2621 1006 2671 esse
1017 2609 1117 2670 certe
1132 2601 1391 2686 arbitrabatur,

335 2730 485 2796 illorum
506 2729 736 2796 mentionem
768 2728 957 2796 interdum
986 2729 1084 2814 fecit,
1114 2733 1218 2796 ratus
1246 2728 1284 2795 id
1318 2746 1392 2797 non

335 2853 465 2923 inutile
485 2854 563 2922 lore
588 2853 633 2920 ad
654 2852 912 2921 conciliandos
933 2853 1004 2922 sibi
1020 2853 1216 2920 hominum
1233 2854 1391 2939 animoS,
1446 2834 1450 2842 ¹

334 2997 497 3064 quorum
515 2996 697 3046 numerus
713 2978 751 3045 in
767 2978 912 3045 civitate
923 2978 1041 3046 multo
1057 2979 1176 3064 maJ‘or
1191 2980 1393 3046 etiamtunc

334 3110 423 3192 erat,
454 3105 520 3191 qui
539 3110 683 3172 veteres
712 3103 757 3171 de
782 3103 896 3171 rebus
916 3104 1064 3190 superis
1085 3105 1282 3190 opiniones
1311 3105 1394 3173 retl-

336 3231 485 3299 nebant.

379 3357 495 3426 Multo
533 3355 640 3442 plura
672 3354 814 3440 passim
847 3353 1017 3440 inseruit,
1058 3359 1099 3421 ut
1122 3355 1395 3423 demonstraret

335 3487 565 3572 quantopere
585 3479 713 3566 patriae
729 3497 809 3547 suae
830 3495 961 3547 amans
986 3479 1269 3565 observansque
1295 3487 1394 3549 esset

335 3615 372 3678 et
389 3607 518 3695 populi
534 3605 693 3674 Romani
713 3605 859 3705 utilitati
884 3609 995 3689 atque
1025 3605 1192 3692 dignitati
1230 3607 1391 3674 deditus.

335 3735 502 3804 Primum
518 3733 618 3800 enim
634 3732 716 3816 ejus
732 3730 897 3798 indolem
910 3731 1066 3816 egregiis
1078 3731 1278 3800 virtutibus
1294 3751 1395 3801 exor-

336 3867 461 3932 natam
481 3859 658 3928 exhibuit.
682 3857 829 3943 Optima
843 3857 1025 3943 probitate
1050 3863 1085 3924 ot
1113 3857 1198 3943 fide,
1221 3859 1253 3925 si
1282 3859 1395 3927 modo

337 3985 475 4054 Caesari
490 3981 721 4051 credendum
744 3985 812 4065 est,
843 3980 935 4047 adeo
964 3985 1116 4065 praestat
1134 3981 1298 4066 populus
1327 3982 1398 4049 Ro-

336 4129 485 4195 manus,
506 4113 548 4175 ut
565 4105 756 4195 barbaros
785 4104 844 4172 sui
873 4104 1016 4172 similes
1038 4123 1122 4172 esse
1143 4104 1256 4172 ducat
1274 4123 1398 4192 neque

336 4235 609 4308 fraudationem
625 4237 660 4298 el
681 4229 877 4316 perfidiam
897 4247 1029 4297 eorum
1045 4230 1147 4296 nulla
1167 4249 1206 4297 re
1227 4232 1397 4322 meritam

335 4363 551 4448 suspicetur
566 4362 601 4425 et
621 4360 759 4423 caveat.
783 4355 874 4437 Quae
895 4373 1009 4422 causa
1029 4355 1097 4422 luit
1117 4356 1235 4423 cladis
1255 4358 1292 4424 in
1315 4359 1399 4428 Hol-

366 4581 374 4614 ¹
387 4544 416 4640 ll,
430 4577 466 4636 5‘2,
482 4575 496 4624 6
515 4597 542 4610 -
555 4572 565 4606 ²
580 4569 648 4630 nlo,
665 4571 699 4620 13.
715 4594 742 4606 -
756 4569 766 4603 ³
782 4569 822 4618 Of.
835 4569 868 4618 H.
884 4569 969 4627 Peter,
979 4570 1052 4620 Hirt.
1068 4583 1132 4619 reru.
1146 4569 1193 4617 rell
1208 4607 1213 4631 ,
1228 4572 1398 4635 cclxxix,

324 4677 393 4728 ¹sqq.
