3152 5168
652 503 832 576 ...21..

209 669 373 759 aliquem
392 669 556 740 notanda
573 674 777 756 curaverat,
808 670 947 757 quippe
967 669 1032 756 qui
1052 668 1271 739 consuevis-

209 803 277 884 set,
301 803 395 868 teste
414 797 613 866 Plutarcho
628 797 649 883 ¹,
674 814 834 883 puerum
862 796 976 882 hujus
996 795 1086 864 artis
1104 794 1269 882 peritum

207 941 357 1010 semper
393 941 524 992 secum
550 922 698 991 habere.
731 921 876 1004 Quibus
909 920 1086 990 omnibus
1117 919 1267 1007 scriptis

205 1048 382 1136 praesidia
413 1048 460 1116 ad
494 1047 770 1116 Commentarios
809 1047 1093 1133 componendos
1128 1046 1266 1115 idonea

205 1174 551 1263 suppeditabantur,
578 1175 610 1243 si
633 1174 747 1243 modo
768 1173 950 1242 memoria
967 1173 1149 1261 praeditus
1171 1178 1261 1259 erat,

203 1319 280 1369 non
294 1301 474 1386 singulari
494 1299 660 1386 quidem,
678 1300 745 1368 sed
764 1299 875 1386 bona,
897 1299 1000 1384 quod
1022 1300 1068 1369 de
1086 1300 1166 1368 viro
1186 1303 1264 1368 tan·

200 1427 249 1494 tis
276 1426 416 1512 ingenii
448 1425 649 1493 virtutibus
673 1425 829 1494 florente
851 1424 1055 1493 admodum
1084 1425 1264 1506 credibile

155 1587 159 1595 -
203 1555 272 1620 est.
296 1550 492 1620 Orationes
511 1568 612 1636 vero,
634 1569 729 1636 quas
754 1551 836 1637 ipse
862 1550 1068 1635 habuisset,
1093 1552 1151 1620 vel
1176 1569 1264 1636 quae

203 1694 332 1745 coram
342 1676 425 1763 ipso
440 1675 578 1744 habitae
593 1679 731 1760 essent,
741 1675 854 1744 velde
865 1675 1005 1761 quibus
1015 1675 1129 1745 variis
1139 1676 1264 1746 modis

203 1801 340 1872 certior
371 1801 493 1870 faetus
522 1805 634 1886 esset,
668 1800 793 1868 statim
818 1801 930 1885 jussu
944 1800 1039 1903 'eJ'us
1067 1802 1265 1889 scripturae

202 1925 399 1994 mandatas
437 1924 555 1993 tuisse
589 1941 713 2011 nemo,
745 1925 890 2011 opinor,
922 1926 1133 1996 contendet.
1165 1925 1263 2008 Quin
1346 1993 1347 1998 ,

202 2049 315 2118 etiam
335 2066 391 2136 ea,
413 2068 501 2134 quae
520 2049 566 2117 de
587 2049 820 2118 orationibus
839 2050 960 2117 notari
976 2049 1103 2137 Jussit,
1129 2050 1162 2119 si
1177 2068 1264 2136 quae

200 2172 365 2259 fuerunt,
387 2178 487 2240 certe
505 2172 737 2258 paucissima
754 2172 916 2242 luerunt.
948 2171 1070 2254 Quare
1089 2174 1263 2244 manifes-

199 2304 281 2367 tum
299 2295 357 2366 'est
378 2297 563 2366 Caesarem
583 2297 621 2364 in
637 2297 870 2367 orationibus
885 2297 1090 2380 referendis
1101 2299 1262 2368 maxime

200 2424 271 2509 vel,
289 2426 330 2491 ut
342 2423 468 2490 verius
484 2422 627 2510 dicam,
639 2423 764 2491 solum
777 2423 969 2492 memoriae
992 2424 1128 2510 opibus
1150 2429 1262 2511 atque

205 2548 343 2618 auxilio
360 2565 475 2616 usum
494 2565 590 2616 esse.

245 2673 497 2760 Inspiciamus
526 2673 637 2760 igitur
664 2679 802 2761 utrum,
824 2675 1005 2744 memoria
1029 2677 1110 2744 sola
1129 2675 1261 2764 fretun,

202 2800 404 2886 orationes,
426 2800 558 2885 quales
586 2805 714 2869 essent
732 2800 882 2888 habitae,
915 2802 1052 2871 referre
1085 2802 1260 2889 potuerit,

201 2943 349 3012 necne.¹
365 2923 449 2993 Non
469 2925 640 2994 eamdem
654 2924 773 2995 fuisse
799 2927 969 2996 omnium
998 2928 1259 2998 condicionem

202 3050 289 3137 quis
310 3067 386 3118 non
405 3050 532 3118 videti
552 3049 698 3136 Optima
717 3051 819 3119 enim
842 3051 911 3120 tuit
938 3054 1112 3126 condicio
1132 3071 1263 3122 earum

203 3174 427 3259 orationum,
448 3192 545 3259 quas
573 3174 654 3261 ipse
685 3178 782 3243 totas
802 3176 1004 3262 aliquando
1024 3182 1258 3263 cognoverat.

203 3299 369 3382 Quarum
384 3299 596 3368 orationum
615 3304 777 3385 quatuor
792 3305 897 3370 erant
910 3320 1061 3388 genera:
1083 3302 1261 3391 primum,

202 3441 344 3511 earum,
357 3442 453 3510 quas
468 3425 548 3510 ipse
562 3424 761 3512 habuerat3
779 3427 1003 3514 secundum,
1016 3446 1158 3524 earum,
1175 3449 1262 3517 quae

203 3567 331 3619 coram
363 3549 446 3635 ipso
477 3549 614 3618 habitae
629 3549 800 3637 fuerant;
821 3552 984 3639 tertium,
1002 3571 1143 3643 earum,
1165 3575 1260 3643 quas

201 3675 311 3761 legati
331 3674 501 3743 dixerant
533 3692 554 3742 a
582 3673 729 3744 Caesare
749 3693 837 3745 cum
856 3679 1054 3768 mandatis,
1075 3699 1162 3767 quae
1177 3701 1262 3768 per-

202 3800 352 3887 ferrent,
405 3800 452 3867 ad
497 3801 700 3885 quemdam
732 3802 791 3870 vel
824 3803 947 3873 virum
987 3806 1045 3873 vel
1077 3809 1260 3894 populum

204 3925 338 4010 missi;
361 3943 448 4010 quae
481 3925 722 4010 colloquendi
756 3929 849 3997 ratio
879 3929 1065 4000 Caesarem
1097 3901 1194 4005 inter
1226 3941 1262 4004 et

203 4049 445 4136 Ariovistum,
468 4055 509 4117 ut
531 4051 701 4138 exemplo
730 4057 824 4140 utar,
846 4072 922 4123 non
945 4058 1062 4126 semel
1080 4058 1261 4130 interces-

203 4173 290 4261 sit²;
312 4180 501 4261 quartum,
518 4193 660 4263 earum,
682 4195 768 4262 quae
781 4197 908 4250 coram
927 4181 987 4250 bis
1006 4183 1136 4270 legatis
1151 4184 1261 4268 dietae

203 4301 353 4370 fuerant
379 4319 552 4386 quasque
567 4301 600 4370 ei
621 4301 667 4371 ad
688 4302 873 4376 Caesarenr
899 4307 1024 4378 statim
1045 4311 1259 4399 retulerant,

256 4528 298 4580 dt
313 4528 383 4582 Plut.
397 4529 468 4591 Cen,
489 4529 528 4582 tt.
547 4532 599 4572 -·2
614 4530 657 4584 Gi.
670 4531 691 4594 Ι,
704 4530 742 4592 tt,
759 4531 770 4584 l
786 4549 793 4594 ς
807 4532 847 4594 ³5,
864 4532 941 4599 lsqq.
956 4552 963 4596 ;
978 4535 1015 4596 42,
1029 4535 1056 4593 4.
