3152 5168
784 513 962 586 ...ro-

344 695 361 742 o
388 676 595 764 emendate,
620 696 690 747 nos
710 682 821 748 ctiam
843 699 957 767 quam
976 680 1084 748 facile
1103 685 1140 748 et
1162 680 1316 750 celeriter
1334 703 1401 754 eos

344 826 361 868 <l
386 802 583 890 perfecerit
608 805 752 874 scimus
769 829 808 894 r,
835 826 913 875 non
942 808 988 876 de
1014 808 1173 894 singulis
1193 809 1311 898 libris,
1333 812 1401 879 sed

344 930 433 997 cde
463 930 639 999 universo
673 950 785 1017 opere
818 952 895 1001 uno
924 934 1065 1020 impetu
1090 935 1230 1021 scripto
1257 936 1399 1005 dictum

344 1075 360 1118 c
387 1072 472 1122 esse
486 1060 606 1141 petet3
628 1075 715 1124 nam
735 1059 785 1126 ita
804 1064 949 1126 tantum
969 1059 1031 1126 illa
1059 1059 1249 1127 scribendi
1272 1062 1399 1130 celeri-

342 1201 359 1246 (ι
385 1185 442 1248 tas
457 1182 665 1268 conspicua
680 1188 716 1251 et
736 1184 911 1252 notabilis
927 1185 1006 1252 fuit.
1029 1184 1171 1252 Deinde
1190 1187 1294 1270 quod
1313 1186 1397 1255 Asi-

342 1327 358 1372 α
385 1307 492 1374 nium
515 1307 723 1376 Pollionem
751 1310 892 1379 dixisse
915 1311 1028 1378 refert
1046 1311 1198 1380 Sueten.
1224 1311 1323 1400 Caes,
1339 1313 1395 1400 56,

340 1453 357 1497 c
384 1431 572 1505 Caesarem
600 1433 718 1502 muita
737 1437 919 1505 memoria
939 1437 1089 1522 lapsum
1107 1455 1303 1523 perperam
1319 1440 1397 1508 edi-

339 1579 356 1622 c
382 1557 497 1644 disse,
530 1558 579 1645 id,
611 1563 694 1626 utut
721 1562 922 1630 statuimus
960 1562 1006 1630 de
1039 1562 1111 1630 isto
1133 1562 1288 1651 jndicio,
1319 1583 1398 1632 cer·

338 1704 355 1749 c
380 1687 461 1751 tum
481 1687 539 1753 est
557 1702 634 1752 non
646 1686 816 1770 potuisse
831 1687 959 1773 dici,si
975 1686 1101 1755 Caesar
1119 1687 1158 1754 in
1174 1687 1267 1773 ipsis
1280 1690 1394 1758 rebus

337 1830 354 1874 c
382 1807 651 1877 Commentariis
671 1811 882 1880 scribendis
902 1829 1055 1910 operam
1079 1812 1255 1881 dedisset.
1277 1815 1393 1885 Porro

337 1956 353 2000 c
380 1934 633 2004 Schneiderus
652 1936 791 2004 mirum
806 1936 924 2006 fuisse
944 1937 1006 2023 ait,
1023 1937 1056 2005 si
1072 1937 1213 2024 (licere,
1234 1940 1344 2026 cujus
1359 1945 1396 2009 et

335 2081 353 2127 c
378 2059 491 2130 irater
510 2060 671 2144 Quintus
700 2067 737 2130 et
763 2063 909 2131 amicus
932 2063 1126 2131 Trebatius
1146 2064 1246 2150 apud
1270 2065 1395 2134 Caesa-

335 2209 352 2254 «
378 2178 459 2257 rem
478 2188 654 2258 inGallia
673 2192 789 2276 erant,
810 2193 847 2258 et
864 2206 931 2275 per
946 2207 1043 2275 quos
1063 2189 1110 2256 de
1124 2188 1302 2260 omnibus
1318 2191 1394 2260 Cae·

334 2335 351 2380 c
377 2312 473 2383 saris
493 2316 608 2384 rebus
627 2315 765 2384 certior
783 2313 907 2401 fiebat,
934 2314 1027 2383 nihil
1053 2316 1099 2384 de
1125 2315 1394 2385 Commentariis

334 2461 351 2505 c
378 2439 635 2528 inaudivisset,
653 2458 751 2526 quos
775 2440 890 2509 scribi
908 2441 967 2508 vel
987 2441 1148 2527 scriptos
1168 2460 1253 2511 esse
1268 2442 1394 2529 fugere

333 2586 350 2630 «
376 2582 444 2634 eos
477 2584 554 2635 non
574 2567 761 2654 potuisset
773 2565 794 2634 ¹.
818 2587 835 2631 r
858 2565 1129 2635 Gravissimum
1166 2585 1255 2636 vero
1289 2586 1396 2655 argu·

331 2696 502 2761 mentum
522 2692 614 2761 illud
634 2697 703 2780 est,
724 2691 827 2778 quod
849 2692 974 2761 Caesar
992 2691 1031 2760 in
1051 2692 1147 2762 libro
1167 2694 1289 2780 primo
1312 2711 1393 2763 rem

332 2818 651 2904 commemoravit,
677 2835 764 2904 quae
784 2835 861 2886 non
887 2823 972 2885 ante
992 2816 1135 2886 bellurn
1160 2819 1396 2906 Vercingeto-

302 3035 304 3040 ,
330 2943 420 3030 rigis
436 2945 559 3014 evenit
573 2941 598 3031 ²,
620 2945 786 3031 itemque
805 2945 844 3011 in
859 2944 955 3013 libro
976 2949 1132 3045 quart0³
1149 2945 1394 3031 judiciumde

329 3071 410 3140 viro
430 3072 596 3158 quodam
623 3071 722 3160 fecit,
749 3072 853 3158 quod
878 3076 962 3141 ante
982 3072 1082 3141 idem
1107 3070 1250 3140 bellum
1270 3071 1393 3141 iacere

330 3211 407 3262 non
430 3196 563 3281 potuit.
1103 3277 1107 3280 .

374 3319 455 3403 Quo
470 3325 596 3390 tamen
610 3325 780 3408 tempore
797 3321 1075 3391 Commentarios
1090 3320 1131 3388 de
1144 3319 1244 3388 Bello
1257 3319 1391 3390 Gallico

329 3449 586 3535 composuerit
594 3447 731 3536 Caesar,
743 3448 947 3536 dubitatur,
956 3465 1044 3517 cum
1059 3447 1097 3517 id
1112 3465 1235 3534 neque
1247 3448 1391 3535 antiqui

329 3574 532 3661 scriptores
542 3571 773 3661 tradiderint,
790 3592 914 3660 neque
925 3592 970 3642 ex
984 3574 1078 3660 ipsis
1101 3573 1206 3642 libris
1218 3578 1320 3642 certo
1331 3573 1392 3642 de-

330 3701 470 3769 clarare
489 3700 609 3768 liceat.
632 3698 872 3768 Manifestum
883 3698 1037 3786 quidem
1056 3702 1114 3768 est
1132 3717 1198 3767 eos
1219 3703 1305 3768 ante
1329 3717 1391 3766 an·

328 3845 421 3896 num
441 3827 483 3897 U.
503 3825 540 3895 C.
563 3822 681 3892 708-
694 3824 736 3893 A.
755 3824 793 3893 C.
816 3823 872 3912 lo,
887 3824 1057 3912 vulgatos
1086 3842 1183 3912 esse,
1210 3825 1387 3910 quoniam

327 3953 466 4024 laudati
486 3952 626 4022 suntin
642 3951 737 4021 libro
757 3955 768 3989 ⁴
788 3969 902 4038 quem
923 3951 1052 4021 Cicero
1072 3969 1117 4019 eo
1132 3951 1215 4038 ipso
1236 3951 1389 4020 ineunte

357 4157 365 4194 ¹
380 4159 488 4222 Krauer,
505 4158 554 4210 loc.
568 4158 623 4220 cit„
638 4157 713 4208 XVI.
729 4157 780 4192 -2
794 4155 820 4219 Ι,
833 4155 870 4218 28,
883 4156 898 4206 5
919 4157 1041 4206 narratur
1056 4169 1206 4206 concessum
1227 4169 1281 4207 esee
1297 4155 1389 4206 AEduir

327 4243 358 4290 ut
373 4241 402 4290 in
417 4240 469 4290 suis
485 4238 581 4288 finibus
600 4238 676 4288 Boios
689 4235 854 4298 collocarent,
868 4251 931 4300 quos
945 4239 1034 4300 postea
1045 4237 1174 4301 inparem
1192 4236 1257 4300 juris
1275 4237 1387 4287 liberta-

325 4324 410 4386 tisque
437 4320 625 4381 condicionem,
645 4321 723 4381 atque
744 4316 794 4380 ipsi
818 4319 900 4378 erant,
923 4320 1088 4381 receperunt.
1114 4317 1197 4380 Atqui
1220 4317 1297 4367 initio
1325 4316 1390 4368 belli

327 4399 544 4465 Vercingetorigis
564 4399 644 4450 etiam
663 4401 728 4448 tunc
741 4396 905 4460 stipendiarii
921 4397 1064 4447 AEduomm
1084 4397 1209 4450 dicuntur
1225 4397 1296 4462 (VII,
1310 4399 1333 4451 9.
1350 4398 1366 4450 6
1380 4415 1387 4460 ;

328 4483 366 4548 10,
384 4482 417 4546 1.)
431 4482 485 4519 —³
501 4479 546 4542 IV,
564 4479 602 4541 u,
614 4481 643 4530 7:
663 4495 674 4528 ι
701 4477 905 4531 Commium...
926 4492 1004 4542 quem
1017 4479 1067 4528 sibi
1086 4477 1189 4528 fidelem
1200 4491 1254 4528 esse
1274 4478 1384 4528 arbitra-

323 4564 402 4613 batur
414 4561 528 4626 (Oaesar).
545 4575 559 4608 r
575 4559 602 4610 Is
624 4557 784 4624 temporibus
800 4557 864 4608 belli
888 4557 1106 4622 Vercingetorigis
1130 4558 1229 4609 defecit
1250 4557 1307 4620 (Of.
1324 4555 1388 4620 vn,

324 4645 383 4707 76),
399 4669 428 4684 ·-
445 4645 456 4678 ⁴
474 4642 515 4693 Of.
535 4642 573 4704 75,
598 4641 654 4694 262.
