3168 5180
789 494 966 562 ...50...

351 657 539 724 commodi
555 656 720 724 dolorem
738 657 853 724 lenire
865 659 1049 742 properat,
1067 669 1153 719 cum
1175 653 1269 719 sciat
1283 657 1416 738 praete-

349 801 413 850 rea
449 788 633 867 quantum
675 783 821 850 intersit
857 779 1092 866 imperatoris
1129 779 1325 863 probibere
1365 796 1415 844 ne

349 908 509 976 militum
542 907 656 975 animi
690 907 804 976 rebus
837 905 1006 975 adversis
1040 903 1254 989 affligantur
1299 909 1415 988 atque

350 1031 599 1100 debilitentur.
636 1033 766 1117 Itaque
794 1037 946 1118 postero
976 1029 1048 1116 die,
1084 1047 1199 1114 quam
1232 1030 1270 1097 in
1290 1034 1416 1097 castra

353 1156 555 1244 Ciceronis
581 1161 665 1244 post
695 1156 841 1224 cladem
856 1155 997 1224 -Sabini
1013 1161 1049 1222 et
1072 1154 1200 1242 Cottae,
1230 1157 1413 1241 pervenit,

355 1307 370 1344 «
396 1284 571 1352 contione
604 1282 730 1350 habita
769 1299 848 1349 rem
877 1285 1020 1366 gestam
1053 1281 1239 1367 proponit,
1275 1280 1415 1348 milites

353 1432 369 1469 «
395 1407 611 1475 consolatur
625 1411 661 1474 et
672 1406 885 1490 confirmat3
903 1407 1005 1490 quod
1019 1405 1285 1472 detrimentum
1301 1406 1415 1491 culpa

352 1557 367 1600 «
393 1533 646 1600 ettemeritate
680 1532 788 1616 legati
819 1531 866 1598 sit
899 1536 1107 1615 acceptum,
1139 1531 1211 1598 boc
1245 1531 1414 1616 aequiore

352 1682 367 1718 «
394 1658 519 1724 animo
539 1657 735 1724 ferendum
759 1657 881 1741 docet,
902 1656 1018 1740 quod,
1044 1655 1229 1724 beneficio
1255 1657 1415 1748 deorum

351 1782 662 1850 «immortalium
696 1786 732 1848 et
765 1781 898 1848 virtute
932 1781 1237 1866 eorumexpiato
1270 1781 1416 1849 incom-

353 1931 368 1968 «
394 1907 520 1992 modu,
543 1925 665 1992 neque
686 1906 860 1975 hostibus
880 1906 1024 1973 diutina
1043 1906 1193 1993 laetati0,
1217 1925 1341 1992 neque
1361 1908 1417 1992 ip-

352 2053 368 2096 a
395 2032 448 2098 sis
464 2032 609 2116 longior
628 2032 735 2099 dolor
750 2031 983 2116 relinquatur
997 2031 1016 2096 ¹.
1041 2051 1057 2094 1)
1080 2031 1184 2117 item,
1210 2035 1414 2117 postquam

350 2177 411 2226 res
431 2159 478 2224 ad
501 2159 720 2243 Gergoviam
739 2133 971 2243 improspere
996 2163 1186 2243 gesta-est,
1217 2158 1416 2246 cohortan-

351 2283 486 2351 tandos
507 2284 644 2350 milites
673 2283 862 2369 intellegit,
888 2301 934 2350 ne
964 2283 1223 2369 desperatione
1250 2283 1415 2351 affician-

351 2405 455 2475 turi:
490 2431 581 2476 a.‚..
618 2407 673 2475 Ad
707 2413 909 2476 extremam
944 2408 1151 2476 orationem
1180 2408 1414 2477 confirmatis

353 2555 369 2598 t(
395 2533 589 2619 militibus,
608 2551 654 2600 ne
671 2532 718 2601 ob
735 2533 831 2599 banc
847 2549 1001 2599 causam
1017 2532 1142 2599 animo
1154 2551 1416 2618 permoveren-
1441 2553 1444 2557 ·

352 2681 369 2723 a
395 2662 466 2744 tur,
485 2677 571 2743 neu,
589 2658 692 2743 quod
708 2658 885 2742 iniquitas
901 2657 973 2725 loci
994 2657 1190 2742 attulisset,
1221 2659 1259 2726 id
1286 2659 1415 2726 virtuti

354 2808 370 2852 a
396 2784 563 2852 hostium
593 2783 853 2850 tribuerent...
879 2803 894 2846 1)
917 2783 1014 2863 Quid
1041 2759 1188 2850 valeant
1215 2783 1346 2852 laudes
1366 2785 1415 2852 ad

354 2908 652 2977 confirmandam
672 2907 832 2974 militum
865 2907 1120 2975 fortitudinem
1158 2910 1417 2994 cupiditatem-

354 3052 428 3121 que
466 3033 785 3118 inflammandam,
816 3050 892 3101 non
927 3032 1113 3100 Caesarem
1141 3033 1256 3119 fugit:
1297 3053 1415 3120 quare

354 3158 608 3229 benemeritis
628 3158 838 3244 legionibus
858 3159 990 3226 laudes
1014 3158 1261 3228 libentissime
1281 3160 1417 3247 imper-

353 3287 405 3354 tit.
430 3283 596 3350 Navibus
617 3282 816 3368 sexcentis
838 3300 925 3350 curn
948 3283 985 3349 in
1005 3283 1235 3352 Britanniam
1256 3285 1417 3355 transire

353 3412 474 3494 vellet,
496 3409 665 3476 celeriter
684 3427 702 3474 a
723 3407 905 3500 militibus
917 3407 1110 3496 confectis,
1128 3409 1315 3478 collaudat
1328 3413 1416 3480 illos

357 3540 467 3620 atque
488 3552 566 3619 ene,
588 3534 653 3618 qui
669 3533 816 3618 negotio
836 3532 1068 3619 praefuerunt
1082 3535 1103 3600 ³.
1128 3535 1416 3620 Ubi,Ciceronis

357 3666 478 3728 castra
497 3660 691 3746 ingressus
711 3657 734 3745 ⁴,
748 3659 928 3743 jndicavit
950 3683 966 3721 «
987 3665 1128 3744 quanto
1144 3677 1230 3727 cum
1246 3662 1416 3747 periculo

360 3791 437 3852 «et
469 3790 609 3869 quanta
642 3800 729 3850 cum
761 3782 895 3850 virtute
930 3801 990 3850 res
1023 3784 1098 3851 sint
1131 3786 1414 3874 administratae,

360 3935 376 3971 «
402 3909 619 3978 Ciceronem
638 3927 706 3993 pro
727 3906 808 3991 elus
836 3907 968 3975 merito
989 3908 1250 3996 legionemque
1278 3913 1419 3980 collau-

358 4060 375 4097 «
401 4035 481 4120 dat;
499 4033 740 4102 centuriones
756 4033 969 4119 singillatim
986 4035 1234 4122 tribunosque
1253 4038 1416 4107 militum

358 4185 374 4222 «
400 4159 571 4245 appellat,
589 4141 955 4243 quorum'egregiam
976 4160 1093 4228 fuisse
1115 4162 1288 4231 virtutem
1316 4167 1419 4234 testi-

358 4309 374 4347 «
399 4285 528 4353 monio
549 4283 740 4353 Ciceronis
761 4290 994 4368 cognoverat.
1019 4309 1035 4346 »
1058 4286 1210 4356 Postero
1231 4289 1302 4376 die,
1324 4309 1419 4359 con-

321 4611 325 4614 ·
385 4538 1168 4610 1V,5a,5sq.'-²V11,5³,t.-³v‚2‚3.-⁴V,5t.
