3152 5168
464 1167 1040 1279 PROOEMIUM

641 1542 879 1556 -ι-ιο*

266 1882 434 1952 Primum
454 1882 637 1969 omnium,
654 1901 742 1968 quae
762 1900 877 1952 causa
896 1882 945 1951 sit
964 1900 1032 1951 cur
1050 1882 1149 1952 hanc
1163 1882 1281 1954 disse-

221 2009 328 2080 rendi
350 2009 544 2077 materiam
568 2009 755 2095 elegerim,
772 2009 933 2079 breviter
954 2027 1150 2096 exponam.
1174 2011 1280 2079 Multi

140 2214 143 2220 ¹
220 2134 374 2221 quidem
406 2133 692 2218 doctissimique
714 2133 783 2201 viri
812 2133 997 2203 derebus
1022 2133 1210 2205 aCaesare
1238 2136 1278 2203 in

221 2248 338 2327 Gallia
362 2257 475 2344 gestis
494 2261 571 2325 tam
590 2245 1104 2346 diligenterdisputaverunt,
1124 2263 1277 2345 tamque

222 2400 347 2453 acrem
370 2382 541 2452 locorum
561 2387 597 2450 et
620 2382 818 2452 hominum
839 2383 1161 2471 investigationem
1175 2385 1279 2454 insti·

220 2511 375 2575 luerunt
398 2511 509 2591 atque
537 2506 795 2594 perfecerunt3
825 2507 933 2575 multi
951 2513 1132 2595 praeterea
1153 2508 1279 2578 omnia

221 2631 361 2717 quibus
380 2631 555 2719 perspici,
576 2632 635 2700 vel
654 2633 787 2701 saltem
801 2632 1043 2719 probabiliter
1057 2633 1194 2720 conjici
1208 2653 1280 2722 po-

220 2761 306 2843 test,
327 2774 404 2843 quo
428 2760 596 2844 tempore
620 2761 732 2843 atque
751 2757 924 2845 consilio,
945 2777 1021 2844 qua
1044 2758 1202 2828 scientia
1221 2777 1280 2828 re-

219 2877 318 2968 rum,
340 2881 541 2969 diligentia,
560 2880 647 2968 fide,
670 2880 947 2950 Commentarios
967 2882 1008 2949 de
1020 2882 1121 2950 Bello
1143 2882 1278 2953 Gallico

221 3007 489 3094 composuerit,
513 3012 616 3076 tanta
641 3025 732 3076 cura
761 3008 1009 3095 collegerunt,
1035 3013 1077 3077 ut
1096 3008 1189 3076 nihil
1216 3013 1280 3078 aut

221 3136 321 3201 certe
339 3150 460 3219 pauca
488 3133 692 3201 admodum
720 3133 775 3201 eis
803 3133 1028 3202 invenienda
1046 3134 1277 3221 reliquerint,

220 3257 286 3342 qui
302 3262 387 3344 post
405 3258 510 3344 ipsos
534 3257 706 3327 eamdem
725 3259 994 3344 questionum,
1011 3262 1052 3326 ut
1070 3257 1121 3325 ita
1140 3258 1276 3346 dicam,

219 3382 411 3469 regionem
421 3383 627 3469 ingressuri
642 3388 780 3452 essent.
797 3383 850 3452 De
865 3388 942 3476 arte
956 3387 1081 3451 autem
1100 3400 1176 3469 qua
1194 3383 1279 3452 libri

220 3508 274 3576 illi
307 3509 510 3596 conscripti
547 3513 648 3596 sunt,
674 3509 743 3577 etsi
771 3509 873 3577 haud
904 3508 1116 3596 spernenda
1134 3508 1280 3594 prodie-

220 3641 309 3704 runt
322 3635 568 3704 litteratorum
586 3634 754 3703 virorum
765 3634 919 3720 iudicia,
935 3633 1097 3702 multum
1113 3633 1219 3701 abest
1237 3637 1279 3700 ut

221 3762 259 3848 ii,
281 3761 347 3847 qui
369 3761 445 3848 jam
469 3760 632 3848 fuerunt,
654 3765 792 3829 cuncta
816 3759 1078 3848 praeripuerint
1101 3763 1138 3827 et
1167 3757 1279 3827 nobis

219 3892 401 3973 tauquam
413 3904 544 3973 agrum
560 3886 625 3955 ubi
634 3886 711 3971 jam
726 3886 945 3956 demessum
960 3890 1029 3971 est,
1046 3883 1277 3979 tradiderint.

265 4012 459 4099 Praecipue
484 4012 530 4081 de
557 4012 789 4081 orationibus
813 4030 900 4098 quae
923 4012 962 4079 in
992 4009 1203 4078 narratione
1223 4007 1281 4075 in-

219 4139 412 4227 terpositae
431 4142 532 4225 sunt,
549 4137 587 4206 id
598 4138 682 4224 jure
697 4138 923 4208 contendere
937 4152 1156 4224 possumus.
1169 4132 1280 4202 Nam-

223 4283 298 4352 que
318 4264 383 4333 ubi
403 4263 449 4332 de
476 4262 539 4331 illa
558 4263 834 4333 consuetudine
857 4261 988 4349 agitur,
1009 4276 1096 4345 quae
1115 4257 1279 4342 antiquis

220 4407 350 4461 rerum
379 4388 627 4475 scriptoribus
656 4389 825 4458 solennis
850 4387 930 4474 fuit,
960 4389 1002 4453 ut
1027 4382 1216 4453 orationes
1240 4381 1280 4449 in

220 4515 388 4586 historiis
403 4515 623 4604 insererent,
639 4513 888 4603 Thucydides²
910 4510 1121 4597 SallustiuS,
1138 4507 1278 4592 Livius
