875 1392
418 160 495 177 -2-

193 199 274 223 Tacitus,
288 201 347 218 multo
359 201 418 223 magis
432 205 489 222 quam
504 201 573 222 Caesar,
584 202 657 218 mentes
670 201 689 217 in
702 205 722 218 se

193 234 310 255 convertunt,
316 233 385 254 quippe
393 237 436 250 cum
445 232 539 250 orationes
546 232 620 249 illorum
629 232 723 253 ejusmodi

192 264 236 285 sint,
251 269 295 285 quae
311 269 333 281 ex
348 264 454 281 narratione
466 264 567 285 emineant,
579 263 630 280 velut
643 268 723 285 gemmae

160 290 163 293 ’
191 294 286 316 quaedam,
299 296 355 316 atque
371 294 488 316 splendeant,
503 294 560 316 hujus
572 296 635 311 autem
649 296 723 311 tantum

191 330 229 343 non
239 330 314 348 semper
326 326 395 343 lateant
404 326 422 343 in
436 326 542 343 narratione
553 327 571 343 et
580 326 722 347 quodammodo

190 357 315 375 dissimulatae
324 358 367 375 sint.
377 357 474 379 Plerisque
482 357 538 379 igitur
547 357 593 375 satis
602 358 631 374 est
638 362 670 374 eas
677 362 723 379 pau-

191 389 219 406 cis
228 389 291 406 verbis
300 389 383 411 laudare,
394 389 457 406 hahita
466 389 586 411 potissimum
596 389 668 406 ratione
678 393 723 406 oon-

190 421 264 438 tionum
278 425 327 442 quas
337 420 400 438 Caesar
411 420 462 442 apud
474 421 543 438 milites
553 420 602 442 fecit,
613 425 699 442 quasque
708 420 722 438 ii

190 451 276 469 conferre
283 452 345 469 solent
352 456 396 469 curn
403 451 488 473 praeclari
496 451 546 469 illius
555 451 672 473 imperatoris
680 456 723 473 pro-

190 483 347 504 nuntiationibus,
360 483 399 505 qui,
412 487 490 500 avorum
503 484 610 500 nostromm
622 483 721 504 memoria,

190 514 284 532 Caesarem
292 514 366 531 militari
373 514 428 532 laude
436 514 584 532 et-consiliorurn
592 515 722 536 magnitudine

190 547 247 567 atque
263 545 372 563 dominandi
389 546 489 567 cupiditate
506 546 592 567 aequavit,
607 546 721 568 eloquentiae

190 576 227 594 alio
236 581 315 598 prorsus
329 581 397 599 genere
411 577 481 599 floruit,
494 581 530 594 nec
545 578 606 594 tamen
621 577 685 594 minus
697 577 720 594 ad

190 608 336 626 inflammandos
346 608 425 625 militum
436 613 514 626 suorum
526 609 600 626 animos
614 613 721 626 accommo—

192 639 241 657 dato.
259 639 306 657 Cum
320 641 381 657 cetera
394 639 484 657 litteratos
497 644 588 662 perquam
604 640 685 657 breviter
702 641 720 657 et

191 671 299 688 summatim
309 671 371 688 adhuc
384 671 466 693 attigisse
480 672 560 693 constet,
573 671 633 688 forma
642 671 719 693 quidem

191 703 300 724 excipienda
308 704 342 724 est,
352 707 390 724 qua
397 703 435 720 fere
445 707 512 720 omnes
519 703 582 720 Caesar
587 703 681 720 orationes
689 707 718 720 ex-

191 734 252 751 hihuit
260 738 355 755 quamque
362 734 489 756 grammaticae
496 734 550 756 periti
557 738 665 751 sermonem
674 734 718 755 obli-

190 769 251 787 quum
257 766 325 783 vocant
335 770 338 782 :
350 765 407 787 hujus
416 765 490 787 regulas
498 765 607 787 planissime
615 765 718 783 declarave-

190 798 240 819 runt,
253 797 300 814 adeo
311 798 332 814 ut
348 797 394 814 mihi
404 797 426 814 de
437 801 459 814 ea
470 801 490 814 re
503 797 549 814 nihil
561 801 604 814 esse
617 797 715 815 dicendum

190 828 319 850 judicaverim.

213 860 278 882 Itaque
296 860 356 877 tribus
370 860 389 877 in
406 860 544 882 quaestionibus
560 861 598 877 tota
614 860 715 877 versabitur

190 891 291 913 disputatio
301 896 343 908 mea
352 896 356 908 2
367 892 428 913 primo
438 893 459 909 ut
468 891 577 913 investigem
589 892 682 913 quatenus
688 896 714 908 ve-

190 923 270 944 ritatem,
280 922 299 940 id
310 924 344 944 est,
352 923 447 940 orationes
456 927 520 940 revera
527 922 606 944 habitas,
615 923 712 944 exprimant

190 954 285 972 orationes
301 958 345 976 quae
354 955 400 971 sunt
411 954 430 971 in
443 953 577 971 Commentariis
587 953 608 971 de
616 954 666 971 Bello
676 953 710 971 Gal-

189 985 231 1006 lico;
239 985 307 1003 deinde
315 986 335 1002 ut
344 990 436 1007 exponam
444 990 482 1007 quo
492 985 578 1007 consilio,
587 985 642 1007 cujus
652 985 709 1003 utilita-

189 1017 213 1034 tis
222 1022 262 1039 spe,
273 1017 296 1034 ad
306 1022 338 1034 eas
348 1017 464 1034 adhibendas
475 1017 568 1034 adductus
580 1017 635 1034 fuerit
645 1017 706 1038 Caesam

189 1050 284 1071 postremo
297 1050 317 1066 ut
333 1048 461 1066 demonstrem
475 1053 507 1066 eas
523 1053 561 1066 non
575 1049 661 1071 indignas
672 1052 706 1066 esse

190 1080 270 1098 oratoria
275 1080 306 1097 illa
311 1079 446 1102 facultataqua
453 1080 545 1097 Caesarem
554 1080 654 1102 praeditum
659 1079 705 1097 fuisse

189 1112 267 1129 scimus.
286 1111 324 1128 Cur
337 1111 475 1128 Commentarios
485 1111 505 1128 de
516 1111 566 1129 Bello
580 1111 632 1129 Civili
641 1111 658 1128 iu
666 1111 703 1128 hanc

189 1143 336 1161 controversiam
346 1147 384 1160 non
398 1147 492 1165 vocarem,
502 1147 524 1160 ea
534 1147 592 1160 causa
601 1143 641 1165 fuit,
654 1147 672 1159 ne
681 1142 702 1159 1¹11-

189 1174 286 1196 vestigatio
294 1179 341 1196 mea,
353 1179 397 1192 cum
405 1174 461 1192 latius
468 1176 571 1197 vagaretur,
579 1174 643 1192 miuus
649 1174 700 1191 attenta
