3152 5168
610 551 788 622 43..

171 709 377 788 tolerandae
404 720 503 788 viam
532 720 750 805 ostendens
773 722 813 785 ut
841 734 972 786 eorum
997 713 1231 803 corporibus,

172 845 239 929 qui
260 849 368 914 aetate
394 846 440 913 ad
463 845 607 914 bellurn
633 843 785 913 inutiles
804 843 990 930 videntur,
1019 843 1155 911 famem
1175 842 1236 909 de-

174 969 330 1058 pellant,
354 971 465 1058 eujus
492 971 618 1041 contio
649 975 685 1038 et
711 971 820 1057 eopia
847 975 884 1038 et
903 975 979 1039 arte
1006 968 1141 1036 eximia
1165 971 1232 1035 est.

173 1095 386 1182 Perpauoas
401 1097 512 1183 igitur
531 1115 576 1165 ex
590 1096 778 1165 universis
793 1096 861 1183 eis,
873 1113 961 1181 quae
980 1095 1116 1162 habitae
1132 1096 1237 1162 erant

176 1193 222 1288 ab
243 1219 339 1306 aliis,
352 1220 494 1289 nullam
512 1220 667 1288 omnino
683 1237 728 1287 ex
748 1219 829 1287 suis
849 1217 1083 1287 orationibus
1099 1215 1236 1306 Caesar,

176 1345 389 1414 oratoribus
408 1345 514 1432 ipsis,
536 1351 577 1413 ut
591 1345 642 1413 ita
663 1344 799 1431 diuam,
822 1343 1063 1430 exponendas
1086 1359 1240 1410 conoes-

177 1470 238 1556 sit,
259 1471 483 1556 plerumque
508 1470 546 1537 in
573 1488 706 1539 eorum
734 1471 860 1539 iocum
887 1487 928 1538 se
949 1470 1029 1556 ipse
1053 1467 1240 1537 narrando

177 1594 381 1663 substituit.

226 1721 280 1791 De
300 1721 457 1790 veritate
476 1721 625 1810 illarum
650 1722 838 1809 cujusque
862 1721 1009 1809 generis
1033 1720 1245 1790 orationum

179 1847 341 1933 quaestio
355 1847 432 1932 Jarn
449 1866 552 1916 nune
572 1849 745 1918 habenda
759 1853 826 1917 est.
843 1848 897 1917 Ao
912 1848 1076 1934 primum
1091 1845 1244 1932 quidem

181 1973 286 2041 nulla
311 1977 369 2040 est
401 1992 518 2042 eausa
545 1991 614 2042 cur
638 1973 878 2060 suspicemur
910 1972 1110 2060 Caesarem,
1132 1989 1245 2060 quern

181 2104 331 2168 constat
357 2101 547 2169 orationes
581 2089 810 2186 quibusdam
835 2100 929 2168 loeis
954 2101 1142 2187 omisisse,
1164 2099 1246 2206 aliis

183 2225 416 2311 quibusdam
437 2226 544 2312 loeiS,
561 2227 627 2294 ubi
647 2226 750 2294 nulla
770 2227 895 2294 hahita
909 2231 1021 2312 esset,
1040 2226 1246 2295 orationem

184 2352 394 2421 inseruisse
426 2372 432 2419 :
459 2370 547 2420 narn
581 2353 813 2438 ubicumque
840 2353 1046 2424 orationem
1079 2352 1117 2418 in
1144 2350 1248 2420 Com-

183 2478 370 2544 mentariis
386 2477 558 2564 legimus,
576 2478 627 2545 ibi
656 2497 716 2546 res
736 2479 830 2565 ipsae
850 2478 1030 2547 orationis
1050 2476 1251 2546 necessita-

184 2609 262 2671 tem
284 2603 555 2672 demonstrant.
579 2604 620 2672 Id
639 2623 727 2673 ver-0
747 2605 961 2691 perspicere
981 2609 1137 2691 oportet,
1159 2620 1251 2670 num
1286 2626 1290 2640 ¹

187 2747 244 2815 ea,
266 2746 353 2813 quae
380 2747 613 2814 unoquoque
634 2731 671 2796 in
692 2735 860 2816 tempore
880 2736 916 2798 et
939 2731 985 2797 ab
1019 2745 1252 2814 unoquoque

190 2831 337 2920 oratore
349 2847 482 2920 'revera
506 2853 604 2920 diota
623 2852 785 2940 fuerunt,
803 2853 962 2922 fideliter
979 2853 1182 2938 tradiderit,
1203 2851 1253 2918 ita

190 2982 231 3045 ut
250 2977 343 3044 nihil
369 2978 428 3045 vel
448 2978 633 3064 reciderit,
655 2978 713 3046 vel
734 2979 779 3046 de
800 2997 870 3048 suo
895 2979 1084 3065 adjecerit,
1099 2978 1157 3045 vel
1177 2993 1254 3045 om·

192 3103 284 3171 nino
313 3103 575 3172 immutaverit.
606 3103 713 3185 Quod
748 3110 789 3172 ut
825 3105 935 3190 plane
963 3121 1252 3190 cognoscamuS,

190 3231 277 3299 duae
296 3247 357 3298 res
378 3231 647 3316 investigandae
668 3235 757 3298 sunt
773 3249 779 3297 :
798 3231 975 3317 primum,
993 3235 1181 3315 quatenus
1195 3247 1255 3298 ve-

190 3355 338 3423 ritatem
359 3355 460 3423 illam
482 3356 638 3442 adipisci
658 3357 836 3442 potuerit;
858 3356 1005 3443 deinde,
1027 3373 1119 3424 num
1138 3355 1255 3442 expri-

191 3502 293 3555 mere
321 3483 492 3571 voluerit.

236 3609 486 3680 Consentiunt
496 3626 599 3677 nuno
610 3610 763 3677 demum
775 3610 845 3677 viri
857 3610 1023 3679 historiae
1037 3610 1256 3678 litterarum-

192 3735 1255 3823 queRomanarumperiti¹CommentoriosdeBetloGoltioo

194 3863 393 3947 Caesarem,
415 3879 491 3929 non
517 3861 554 3928 in
579 3860 714 3929 mediis
746 3863 860 3932 rebus
889 3863 1123 3948 singulorum
1144 3881 1259 3932 anno·

195 4006 280 4057 rum
314 3985 497 4073 singulos
528 3985 595 4053 sed
629 4003 761 4054 omnes
789 4004 865 4054 uno
898 3992 1027 4055 tenore
1058 3987 1257 4074 scripsisse

196 4114 499 4200 oonJ'unotosque
514 4111 690 4179 edidisse.
721 4111 826 4180 Hane
851 4112 1066 4199 opinionem
1086 4111 1258 4200 pluribus

197 4238 427 4328 argumentis
454 4237 690 4307 confirmant.
711 4259 727 4303 1
750 4237 858 4320 Quod
880 4238 1022 4307 Hirtius
1043 4239 1082 4306 in
1102 4237 1259 4326 epistola

198 4369 246 4437 ad
273 4366 433 4435 Balbum
467 4366 557 4435 dicit
586 4385 592 4433 :
631 4387 648 4431 «
675 4365 794 4434 Ceteri
823 4365 923 4434 enim
952 4384 1066 4452 quam
1096 4367 1192 4436 bene
1224 4370 1261 4436 et

233 4571 240 4605 ¹
258 4571 299 4624 cf.
315 4571 473 4637 Nipperdey,
487 4573 516 4622 in
533 4572 683 4634 Oaes.,'edit.,
698 4571 802 4635 Lipsiae,
821 4571 887 4634 1847,
895 4544 912 4624 Ι3
927 4585 984 4635 sqq.
1002 4572 1029 4621 et
1044 4570 1152 4634 Kraner,
1159 4571 1188 4622 in
1198 4571 1261 4624 Ouo

197 4651 268 4704 edit..
282 4653 386 4718 Lipsiae,
401 4653 553 4716 Tauohnitz,
568 4652 634 4716 1861,
648 4651 712 4703 XVI
724 4667 780 4715 sqq.
