875 1392
427 177 516 194 -22-

204 219 224 235 ut
234 219 279 235 sunt
288 218 331 235 duae
346 218 431 240 ejusdem
443 218 530 235 Ariovisti
540 218 634 236 orationes
644 219 654 235 ¹.
664 218 734 236 Caesari

203 249 265 271 igitur,
271 250 428 271 quotiescumque
435 249 539 267 orationem
544 249 568 267 ad
576 254 632 267 unam
640 251 669 268 vel
677 251 733 268 aliam

203 281 270 298 harum
282 281 412 298 definitionum
429 282 490 303 aptam
500 281 630 302 exponendam
641 282 731 304 suscepit,

202 312 253 330 idem
262 312 323 330 attulit
332 312 422 330 memoria
429 312 559 334 adjumentum
569 314 625 334 atque
642 313 674 330 uhi
684 313 733 331 saeta

202 344 300 366 enarravit,
311 344 380 366 quihus
397 344 437 366 ipse
453 344 567 361 interfuerat.
585 344 627 361 Non
644 345 733 366 equidem

202 375 279 393 credere
290 376 334 393 lieet
342 380 383 393 eam
393 377 431 392 tam
439 375 512 392 firmam
522 375 587 397 fuisse,
596 377 616 393 ut
622 376 680 394 verba
691 377 733 399 ipsa

201 407 324 424 custodiisset
339 408 358 424 et
373 407 475 424 etiamtunc
491 406 595 429 exprimere
613 409 691 429 posset3
708 408 732 425 de

201 438 300 456 sententiis
309 443 353 456 vero
363 438 409 455 illud
419 443 527 456 asseverare
537 443 560 456 ne
572 439 687 461 dubitemus,
700 444 732 461 po-

200 470 260 487 tuisse
271 470 381 487 memoriam
391 474 423 487 eas
436 469 474 487 fere
485 474 558 492 omnes,
569 470 624 487 etiam
635 471 731 488 nonnullis

201 501 314 519 intermissis
331 501 392 523 annis,
410 503 549 523 repraesentare.
564 501 697 524 Quamobrem,
714 502 731 520 si

202 533 265 550 Caesar
276 532 386 554 hujusmodi
398 532 498 554 orationes,
515 534 533 550 et
551 533 646 555 praecipue
662 534 730 555 prioris

200 563 299 584 utriusque
312 562 392 584 generis,
406 567 449 584 quae
463 563 482 579 in
494 562 628 580 Commentariis
644 563 732 585 frequen-

200 594 278 611 tissimae
296 595 404 615 occurrunt,
415 595 472 615 recto,
484 595 504 611 ut
513 594 571 616 aiunt,
582 599 670 612 sermone
682 600 730 612 usus

201 624 324 647 exposuisset,
344 625 399 645 atque
419 628 441 641 eo
460 624 508 646 ipso,
527 624 579 646 quod
599 625 655 642 tatem
674 630 729 647 expo-

200 656 256 673 nendi
268 656 359 673 rationem
369 656 492 677 adhibuisset,
501 660 521 673 se
531 661 569 674 non
577 657 679 674 sententias
689 658 729 674 tan-

201 690 245 706 tum.
264 692 329 705 verum
348 687 404 705 etiam
422 687 478 705 verba
497 688 569 706 tradere
587 689 728 710 quodammodo

199 720 295 741 professus
305 720 364 740 esset3
374 723 486 741 negaremus
493 719 576 741 profecto
586 719 626 737 fieri
636 720 726 742 potuisse,

199 753 220 768 ut
230 750 325 768 veritatem
337 750 394 772 illam,
407 755 465 772 quarn
475 755 513 772 pree
526 755 547 768 se
556 751 636 773 tulisset,
649 752 728 773 adeptus

199 784 254 800 esset*
265 783 301 800 Sed
309 783 332 800 ad
342 787 399 800 unam
409 787 475 800 omnes
485 783 562 805 obliquo
573 788 660 801 sermone
672 789 727 806 expo-

199 815 242 831 suit,
252 814 293 834 Quo
303 814 386 831 adhibito
395 818 459 831 rerum
471 814 551 836 scriptor
565 814 615 831 haud
629 814 686 832 dubie
696 815 727 832 de-

198 846 290 863 monstrat
298 850 319 862 se
331 845 350 862 in
360 849 401 862 eam
411 845 519 867 opinionem
536 845 618 867 legentes
632 846 726 864 adducere

198 877 286 899 voluisse,
297 878 317 894 ut
330 877 467 894 existimaretur
480 881 518 894 non
533 877 596 894 omnia
606 882 633 899 ea,
645 882 688 899 quae
703 878 726 896 ab

198 910 270 926 oratore
279 908 362 930 quodam
372 908 421 925 dicta
431 908 517 930 fuissent,
527 908 589 925 verbis
603 908 675 926 eisdem
687 910 727 927 red-

198 941 281 961 didisse,
300 940 358 957 immo
375 939 421 956 nihil
439 940 507 961 praeter
525 944 603 957 sensum
617 941 636 957 et
652 942 726 958 senten-

197 972 265 989 tiarum
277 971 362 988 ordinem
376 971 487 988 servavisse.
504 971 568 993 Itaque
585 971 681 989 fatendum
697 974 726 990 est

198 1003 290 1021 Czesarem
307 1002 326 1020 in
343 1002 373 1019 his
385 1002 474 1020 omnibus
490 1003 607 1020 orationibus
623 1003 725 1022 referendis

197 1040 241 1052 euin
248 1034 330 1051 veritatis
339 1034 417 1051 modum
425 1034 508 1055 assequi,
517 1034 533 1051 si
540 1034 625 1056 voluerit,
633 1035 724 1057 potuisse,

197 1066 229 1087 qui
240 1070 283 1083 eum
297 1070 325 1087 ea,
336 1065 359 1082 de
373 1069 411 1086 qua
424 1069 476 1082 nune
487 1065 589 1087 loquimur,
599 1065 671 1083 ratione
680 1066 725 1084 refe-

197 1097 249 1114 rendi
259 1101 365 1118 congruens
372 1097 406 1113 est.

219 1128 383 1146 Verumenimvero
402 1128 462 1145 multo
484 1128 565 1146 deterior
584 1128 619 1146 fuit
637 1129 723 1147 condicio

211 1185 340 1202 *Lustffll‘i-zffi
