3152 5168
752 507 929 580 ..pg-

308 691 392 742 cere
420 673 539 759 potuit
566 674 704 760 Livius,
728 694 843 760 quam
871 681 912 744 ut
939 677 1167 746 orationesa
1200 673 1361 745 Romulo

309 798 519 883 ceterisque
547 800 698 886 regibus
736 805 847 887 atque
875 801 975 869 illius
996 802 1116 870 aetatis
1147 801 1363 869 hominibus

308 925 454 993 habitas
488 927 771 1011 exconjectura
796 929 1069 1013 componerem
1096 927 1141 996 At
1165 927 1300 1013 Caesar,
1322 931 1365 995 ut

313 1067 508 1136 nunquam
545 1052 693 1137 scriptis
726 1052 969 1139 orationihus
1013 1072 1119 1140 quaa,
1159 1053 1191 1120 si
1227 1052 1362 1137 vellet,

313 1172 470 1243 fideliter
502 1182 770 1263 repraesentare
806 1185 946 1265 posset,
980 1180 1148 1247 munitus
1195 1178 1275 1264 tuit,
1314 1177 1365 1245 ita

313 1317 507 1385 nunquam
527 1301 574 1369 ad
592 1301 694 1370 illam
719 1303 980 1388 praesidiorum
1008 1303 1172 1391 inopiam
1197 1303 1364 1388 deiectus

313 1429 381 1510 est,
411 1426 605 1512 tenuitque
629 1433 781 1513 sortem,
806 1447 881 1498 non
909 1429 1086 1514 optimam
1110 1429 1275 1514 quidem,
1297 1427 1364 1496 sed

313 1551 463 1637 optimae
486 1553 706 1639 proximam,
734 1553 844 1638 quus
861 1555 1059 1641 participes
1086 1552 1248 1622 habendi
1277 1557 1365 1620 sunt

312 1676 552 1762 potissimum
584 1678 621 1763 ii,
652 1679 883 1764 quicumque
915 1695 975 1748 res
1009 1698 1030 1747 a
1062 1697 1102 1747 se
1141 1683 1264 1764 gestas
1292 1676 1364 1763 ipsi

313 1807 590 1888 enarraverunt,
610 1807 646 1870 et
664 1804 853 1890 praecipue
872 1805 1080 1891 Xenophon
1096 1804 1144 1872 ob
1175 1803 1291 1872 libros
1318 1802 1365 1872 do

314 1926 397 2015 Cyri
412 1930 656 2015 expeditione.

281 2141 285 2149 ¹
357 2053 534 2140 Superest
552 2055 665 2123 altera
684 2058 905 2142 quaestionis
920 2076 1018 2144 pars,
1036 2055 1179 2124 scilicet
1192 2061 1233 2123 ut
1247 2056 1366 2124 decla-

313 2194 441 2246 remus
456 2195 547 2246 num
568 2179 692 2248 Caesar
706 2201 789 2250 eam
803 2183 993 2251 veritatem
1009 2181 1232 2266 orationum,
1249 2195 1363 2265 quam

314 2303 494 2370 memoria
514 2305 748 2374 custodiebat
761 2325 952 2392 quamque
971 2307 1055 2375 ideo
1076 2305 1280 2393 exprimere
1298 2319 1367 2389 po-

312 2430 417 2513 terat,
430 2446 558 2497 revera
572 2433 805 2517 expresserit.
823 2431 859 2500 Si
873 2432 1025 2518 quidem
1040 2431 1223 2500 rationem
1238 2444 1367 2498 aarum

313 2557 457 2622 tanturn
480 2555 706 2625 haberemus
735 2559 958 2644 orationum,
980 2576 1139 2644 quarum
1164 2553 1367 2626 sententias

315 2697 447 2748 omnes
468 2679 653 2752 Caesarem
673 2684 894 2770 cognovisse
914 2684 1266 2767 demonstravimus
1287 2678 1369 2746 nul·

315 2805 393 2872 lum
426 2809 527 2872 esset
556 2807 666 2875 nobis
689 2807 727 2875 in
755 2815 930 2896 promptu
957 2814 1100 2877 certum
1138 2806 1368 2890 evidensque

314 2935 587 3017 argumentum,
605 2932 809 3017 quotidem
824 2935 906 3020 ejus
926 2935 1243 3021 impugnaremus.
1266 2929 1369 2998 Nihil

315 3057 416 3126 enirn
448 3057 521 3124 illis
558 3058 596 3124 in
630 3060 861 3128 orationibus
894 3061 1057 3129 occurrit
1092 3058 1290 3145 ejusmodi,
1327 3062 1369 3124 ut

315 3182 528 3268 negandum
556 3185 604 3252 sit
633 3184 706 3253 hoc
725 3186 867 3253 dictum
895 3186 1024 3273 tuisse,
1063 3203 1109 3253 ne
1142 3203 1186 3252 ea
1215 3182 1368 3268 quidem

314 3302 488 3372 Ariovisti
518 3304 714 3374 affirmatio
751 3306 850 3394 apud
879 3306 1063 3375 Caesarem
1101 3307 1139 3375 in
1179 3303 1368 3389 colloquio

316 3429 598 3498 asseverantis:
629 3456 646 3493 «
674 3430 782 3512 Quod
806 3433 947 3528 sijeum
977 3430 1214 3517 interfecerit,
1240 3430 1368 3498 multis

318 3574 444 3624 «sese
486 3556 675 3624 nobilibus
713 3558 1022 3644 principibusque
1058 3558 1186 3644 popuii
1211 3557 1369 3625 Romani

318 3707 335 3746 1
359 3688 504 3768 gratum
520 3701 605 3752 esse
619 3683 822 3769 facturum;
843 3685 881 3752 id
900 3704 941 3752 se
961 3685 1007 3753 ab
1026 3685 1119 3771 ipsis
1141 3701 1207 3770 per
1238 3700 1369 3752 eorum

319 3829 336 3868 «
360 3807 513 3874 nuntios
542 3813 775 3894 compertum
803 3808 965 3894 habere3
1002 3825 1164 3894 quorum
1201 3807 1370 3875 omnium

319 3932 514 4019 «gratiam
548 3938 659 4017 atque
696 3933 897 4001 amicitiam
932 3934 1014 4019 ejus
1043 3925 1161 4002 morte
1189 3932 1372 4000 redimere

318 4081 335 4120 «
360 4061 507 4143 posset,
530 4080 546 4117 »
569 4058 707 4143 quippe
722 4075 810 4126 cum
833 4058 999 4126 sciamus
1020 4063 1056 4126 et
1085 4057 1283 4142 Ariovisto,
1318 4062 1373 4124 ut-

316 4187 402 4269 pote
423 4182 488 4266 qui
508 4181 546 4248 in
573 4183 773 4250 consulatu
798 4183 956 4252 Caesaris
971 4202 1035 4251 rex
1059 4188 1170 4268 atque
1190 4184 1373 4251 amicusa

308 4311 448 4378 senatu
469 4308 676 4394 appellatus
696 4313 827 4396 esset²,
838 4309 1121 4396 accepissetque
1138 4309 1373 4397 amplissima

337 4538 445 4601 ΗΑΛ,
477 4539 707 4601 12-¹1‚35,2.
