3168 5180
689 533 868 600 -61-

241 706 316 767 tem
332 699 588 767 Romanorum
600 699 771 766 redactos
788 715 872 764 esse
888 714 1073 781 suamque
1089 696 1248 764 salutem
1264 714 1309 763 ex

242 825 393 893 arbitrio
409 824 561 892 victoris
580 823 757 910 pendere,
789 822 835 890 ad
860 822 1023 891 humiles
1051 841 1094 890 ac
1119 822 1309 909 supplices

244 951 526 1018 obsecrationes
541 949 789 1018 descendunt.
811 947 867 1015 Ne
878 949 1006 1016 multis
1018 947 1198 1034 exemplis
1213 950 1308 1031 utar,

244 1073 412 1160 Helvetii,
434 1093 598 1161 quorum
614 1073 887 1160 superbissima
905 1074 1018 1142 verba
1036 1073 1150 1142 modo
1183 1073 1311 1141 retuli·

244 1218 344 1287 mue,
366 1200 507 1286 legatos
529 1201 574 1268 de
595 1199 796 1285 deditione,
817 1204 903 1286 post
923 1201 1122 1269 adversum
1138 1217 1226 1268 cum
1241 1199 1312 1267 Ro·

245 1326 367 1394 manis
378 1324 555 1412 proelium
570 1325 724 1411 factum,
736 1325 782 1392 ad
799 1324 985 1392 Caesarem
1002 1323 1189 1392 mittuntl:
1208 1348 1225 1385 «
1242 1321 1312 1402 Qui

248 1479 264 1515 «
291 1471 379 1522 cum
399 1453 536 1520 eumin
557 1453 688 1521 itinere
709 1453 977 1520 convenissent
997 1469 1114 1537 seque
1130 1451 1177 1519 ad
1195 1451 1313 1537 pedes

249 1605 265 1642 «
291 1578 541 1666 projecissent
560 1579 855 1666 suppliciterque
883 1579 999 1646 locuti
1020 1578 1153 1645 flentes
1177 1593 1309 1664 pacem

253 1706 489 1791 «petissent,
526 1711 638 1790 atque
665 1723 731 1772 eos
752 1705 790 1771 in
819 1705 917 1790 loco,
953 1723 1029 1790 quo
1063 1710 1143 1772 tum
1172 1708 1312 1786 essent,

252 1856 267 1892 «
295 1848 408 1898 suum
419 1831 621 1898 adventum
633 1835 848 1917 exspectare
861 1830 1051 1916 jussisset,
1064 1825 1280 1916 paruerunt.
1296 1852 1312 1888 »

250 1947 448 2033 Aduatuci,
470 1949 536 2033 qui
551 1948 743 2016 Romanos
763 1947 1062 2015 machinationes
1078 1944 1316 2034 expugnandi

251 2073 379 2159 oppidi
399 2091 515 2140 causa
534 2073 772 2140 instituentes
799 2073 963 2159 primum
989 2073 1198 2158 irriserunt,
1228 2089 1317 2138 mox

251 2198 298 2265 ad
319 2196 505 2265 Caesarem
531 2197 673 2283 legatos
702 2198 854 2265 mittunt
871 2195 895 2283 ²,
920 2223 936 2259 «
958 2199 1023 2283 qui
1045 2198 1091 2265 ad
1116 2198 1220 2264 hunc
1239 2214 1318 2264 mo-

254 2349 270 2387 «
296 2325 387 2392 dum
408 2325 546 2392 locuti:
577 2326 662 2394 Non
689 2326 901 2395 existimare
927 2326 1119 2394 Romanos
1146 2326 1227 2393 sine
1248 2343 1318 2411 ope

254 2475 271 2512 «
297 2449 422 2518 divina
445 2450 588 2519 bellum
612 2469 752 2537 gerere,
783 2450 849 2537 qui
872 2455 985 2518 tantae
1014 2451 1221 2519 altitudinis
1243 2444 1331 2518 ma·¹

255 2599 271 2637 «
298 2575 532 2644 chinationes
553 2581 655 2643 tanta
679 2554 870 2644 ¹celeritate
898 2594 1119 2662 promovere
1148 2583 1316 2663 possent,

255 2725 271 2762 «
298 2719 339 2768 se
350 2719 496 2786 suaque
512 2702 639 2770 omnia
649 2720 780 2770 eorum
796 2703 969 2789 potestati
984 2702 1197 2788 permittere
1220 2702 1320 2770 dixe-

256 2851 271 2889 «
297 2831 395 2894 runt.
420 2827 546 2896 Unum
564 2832 691 2913 petere
712 2846 755 2895 ao
775 2828 986 2913 deprecari:
1007 2828 1039 2894 si
1055 2827 1148 2895 forte
1163 2846 1231 2914 pro
1248 2847 1318 2896 sua

256 2952 497 3019 «clementia
526 2971 569 3019 ac
598 2952 901 3038 mansuetudine,
928 2970 1043 3037 quarn
1072 2953 1143 3039 ipsi
1164 2954 1210 3020 ab
1234 2953 1317 3021 aliis

257 3077 482 3162 «audirent,
514 3077 707 3145 statuisset
734 3076 951 3145 Aduatucos
976 3095 1061 3146 esse
1096 3094 1319 3146 conservan-

257 3227 273 3263 «
299 3201 381 3286 doe,
404 3219 451 3268 ne
474 3217 514 3268 se
535 3202 650 3269 armis
675 3186 955 3288 despoliaret...
979 3227 996 3263 »
1020 3202 1214 3290 Praeterea,
1241 3221 1317 3272 non

256 3344 388 3395 omnes
408 3326 557 3395 barbari
576 3327 741 3397 ferocem
755 3328 858 3395 illam
874 3329 1122 3414 arrogantiam
1137 3329 1318 3398 adversus

256 3453 448 3520 Romanos
476 3452 666 3539 adhihent,
697 3471 796 3540 quae,
830 3454 1002 3540 quamvis
1032 3472 1120 3522 cum
1149 3455 1318 3524 Romana

256 3577 371 3645 animi
400 3577 657 3663 magnitudine
678 3597 754 3648 non
777 3579 825 3646 sit
844 3579 1084 3666 conferenda,
1106 3598 1241 3668 magna
1268 3587 1319 3650 ta-

256 3720 343 3770 men
364 3703 645 3788 quodammodo
666 3723 710 3773 ac
743 3723 925 3790 generosa
960 3711 1017 3773 est
1035 3727 1041 3773 :
1060 3712 1150 3775 sunt
1168 3709 1234 3792 qui
1252 3726 1319 3795 per

257 3826 430 3896 sordidas
451 3831 563 3914 atque
583 3830 748 3915 abjectas
777 3836 887 3917 artes,
923 3831 1263 3901 dissimulationem
1284 3839 1319 3902 et

257 3953 465 4042 perfidiam,
498 3975 564 4024 eos
598 3957 890 4042 adgrediuntur,
921 3957 1031 4043 cujus
1063 3960 1210 4045 generis
1242 3940 1340 4028 tres

257 4081 469 4167 praecipuas
492 4099 676 4170 personas
705 4083 850 4150 inducit
873 4083 1021 4152 Caesar:
1051 4084 1318 4172 Dumnorigem

257 4205 421 4275 AEduum
436 4206 460 4294 ³,
479 4207 777 4276 Indutiomarum
807 4209 1007 4278 Treverum
1021 4227 1044 4297 r,
1066 4211 1318 4298 Ambiorigem

257 4331 487 4420 Eburonem,
508 4335 547 4402 in
576 4351 691 4419 quem
720 4334 1052 4421 flagrantissimum
1072 4338 1209 4405 exarsit
1240 4337 1318 4406 Cae-

252 4557 256 4566 .
287 4514 1170 4586 11,27,t.-²11,31,tsqq.-³of,1,17,1;18;v,6,3sq.
1192 4549 1222 4566 -
1245 4525 1316 4581 tuf.

258 4594 291 4662 V,
305 4599 517 4663 ³,61qq355‚1.
