3168 5180
548 1147 944 1230 CONCLUSIO

639 1365 851 1382 ᾺΛΝᾺΛΛΛΝΨᾺΛΜ

258 1537 304 1607 Ut
335 1535 556 1623 planissime
593 1538 717 1620 pateat
753 1532 859 1626 illud,
900 1534 1172 1621 quodcumque
1205 1537 1276 1605 hac

211 1667 341 1730 nostra
359 1659 642 1746 investigatione
657 1660 853 1728 consecuti
878 1678 1026 1747 sumne,
1042 1661 1188 1748 pauciS,
1214 1680 1277 1730 an·

211 1792 364 1872 tequam
383 1785 499 1855 finem
531 1784 722 1854 scribendi
751 1784 947 1872 faciamus
969 1786 1276 1856 concludendum

210 1910 356 1980 videtur
375 1910 468 1997 quid
483 1911 522 1978 in
538 1910 762 1979 adhibendis
778 1910 1012 1980 orationihus
1029 1912 1167 1981 Caesari
1187 1931 1276 1983 curn

210 2035 414 2124 praecipuis
442 2018 582 2105 Graecis
621 2035 838 2121 Latinisque
867 2054 993 2104 rerum
1027 2037 1276 2124 scriptoribus

211 2179 415 2232 commune
437 2160 497 2247 sit,
521 2159 613 2246 quid
637 2160 671 2228 ei
691 2160 896 2246 proprium.

256 2286 424 2356 Primum
448 2304 494 2355 eo
522 2303 611 2354 curn
640 2285 774 2354 ceteris
803 2286 992 2355 consentit
1016 2285 1153 2373 Caesar,
1188 2289 1277 2373 quia

211 2431 302 2500 non,
324 2416 417 2498 quot
437 2412 625 2480 orationes
640 2410 778 2479 habitae
797 2410 960 2497 fuerunt,
982 2415 1036 2480 tot
1054 2411 1192 2499 retulit,
1209 2414 1277 2482 sed

212 2539 410 2626 quasdam,
427 2555 523 2623 quas
538 2537 732 2622 insereret,
764 2535 884 2623 elegit,
911 2536 1004 2605 alias
1023 2537 1273 2624 praetermisit.

212 2664 331 2746 Quam
352 2663 400 2732 ad
419 2681 499 2732 rem
527 2662 666 2748 cuncti,
697 2662 744 2731 de
769 2661 911 2748 quibus
930 2662 1134 2750 loquimur,
1162 2665 1277 2752 scrip

211 2796 313 2859 tores
333 2789 465 2859 eadem
493 2805 609 2856 causa
640 2787 791 2856 adducti
829 2791 930 2873 sunt,
960 2788 1209 2875 eamdemque
1237 2791 1275 2859 in

211 2916 383 3003 eligendo
402 2914 501 2981 viam
516 2917 729 2982 tenuerunt.
747 2912 832 2990 Non
848 2911 949 2980 enim
965 2917 1105 2982 temere
1119 2931 1191 2983 nec
1205 2915 1277 2984 for·

210 3041 304 3110 tuito
324 3040 423 3110 hanc
447 3043 702 3126 exposuerunt
730 3037 951 3125 orationem,
981 3038 1083 3108 illam
1108 3040 1276 3126 neglexe-

192 3209 194 3214 ·
211 3169 311 3251 runt,
325 3165 392 3233 sed
407 3181 471 3232 eas
487 3161 747 3231 tantummodo
761 3161 961 3230 tradendas
978 3171 1220 3252 censuerunt,
1231 3185 1276 3236 ex

211 3290 351 3377 quihus
367 3289 531 3374 aliquam
547 3287 651 3374 operi
680 3286 877 3355 utilitatem
899 3286 1206 3360 existimaverunt
1234 3311 1275 3363 se

211 3434 297 3485 csse
319 3418 577 3502 percepturos.

256 3541 439 3609 Praeterea
454 3538 641 3607 Caesarem
660 3537 699 3604 in
724 3538 914 3607 tradendis
944 3537 1178 3608 orationibus
1198 3558 1274 3611 non

212 3666 354 3754 ubique
372 3665 537 3734 veritatis
557 3662 934 3732 observantissimum
966 3663 1085 3734 fuisse
1114 3671 1224 3735 const
1247 3673 1272 3736 t.

215 3790 306 3873 Quae
341 3789 455 3858 altera
491 3785 612 3874 ipsius
646 3786 742 3854 inter
773 3791 809 3854 et
841 3791 1053 3857 ceterorum
1090 3789 1274 3860 rationem

215 3913 422 3983 simnnuao
451 3910 658 3980 intercede.
695 3910 873 3992 Quamvis
906 3911 1007 3980 enim
1029 3912 1133 3981 nune
1165 3914 1214 3984 sit
1232 3934 1278 3986 ex
1391 3899 1398 3910 '

214 4040 392 4110 omnibus
412 4039 479 4124 eie,
501 4056 597 4124 quas
612 4037 749 4124 retulit,
765 4037 1012 4125 orationibus,
1043 4038 1089 4108 de
1116 4057 1191 4125 qua
1214 4041 1278 4110 aii·

212 4180 327 4250 quam
343 4162 536 4231 notionem
556 4160 725 4246 accipere
740 4177 897 4246 prorsus
918 4178 994 4231 non
1009 4163 1183 4250 potuerit,
1200 4180 1276 4234 me·

212 4288 358 4376 liorque
386 4287 470 4356 ideo
493 4286 612 4355 fuisse
629 4285 800 4354 videatur
818 4285 900 4372 ejus
922 4304 1037 4372 quam
1064 4292 1274 4358 ceterorum

211 4414 384 4484 condicio
395 4413 471 4484 iere
486 4412 674 4497 omnium;
689 4428 791 4497 saepe
805 4415 930 4480 tamen
941 4412 1050 4499 plura
1062 4429 1150 4484 eum
1165 4430 1275 4501 expo·

214 4545 367 4612 nentem
391 4537 720 4627 deprehendimus,
742 4553 856 4623 quam
876 4555 962 4623 quae
982 4538 1179 4627 cognovit..
1193 4537 1283 4624 Quov
