3152 5168
620 521 797 590 „ffi-

175 701 274 752 anno
290 683 337 752 ad
352 681 509 752 Brutum
530 683 582 750 De
602 683 718 752 Glaris
748 684 954 752 Oratoribus
981 684 1142 772 scripsit.
1165 681 1238 754 Sed

175 812 262 880 inde
276 811 322 878 ab
340 811 445 879 initio
458 807 546 878 belli
565 810 684 878 civilis
704 811 920 897 Pompeiani
941 830 1063 897 usque
1083 812 1130 879 ad
1150 830 1237 879 eum

176 953 318 1004 annum
332 935 458 1004 Caesar
486 941 693 1022 occupatus
714 935 783 1004 fuit
803 937 917 1004 rebus
933 937 1106 1023 gerendis
1126 943 1238 1022 atque

176 1061 379 1148 impeditus
394 1061 500 1148 adeo,
528 1066 581 1149 ut,
602 1061 775 1147 quamvis
794 1066 951 1130 testetur
970 1063 1112 1131 Hirtius
1138 1041 1238 1130 Com-

174 1190 366 1256 mentarios
381 1187 488 1257 facile
504 1193 616 1273 atque
628 1188 797 1257 celeriter
810 1188 996 1275 periectos
1019 1209 1103 1259 esse
1118 1191 1139 1277 ¹,
1162 1208 1238 1259 non

176 1316 210 1385 ei
226 1318 442 1401 suppeteret
456 1314 575 1382 otium
590 1314 636 1380 ad
652 1331 718 1383 eos
733 1315 968 1383 scribendos.
985 1315 1118 1385 Annus
1138 1317 1238 1384 anim

176 1440 302 1510 reeta
320 1447 422 1511 totus
444 1447 694 1527 consumptus
714 1445 771 1510 est
802 1442 923 1527 primo
949 1443 988 1510 in
1013 1443 1117 1512 Italia
1148 1443 1240 1511 reci-

176 1569 325 1655 pienda,
347 1586 435 1637 mox
449 1568 488 1636 in
507 1566 607 1636 bello
619 1566 799 1635 adversus
814 1566 1021 1655 Afranium,
1038 1568 1237 1655 Petreium,

175 1696 393 1781 Varronem,
415 1693 665 1779 Pompeianos
685 1693 815 1780 duces,
837 1695 876 1762 in
905 1694 1084 1781 Hispania
1116 1695 1240 1782 profli-

176 1820 299 1910 gando
309 1819 489 1905 omniqua
504 1818 566 1886 illa
577 1817 727 1905 regione
739 1819 985 1906 subjicienda,
996 1825 1186 1906 postremo
1201 1821 1239 1889 in
1354 1811 1359 1820 '

176 1947 292 2015 rebus
307 1944 462 2014 urbanis
482 1944 713 2013 ordinandis.
734 1943 845 2013 Anno
874 1942 997 2012 reela
1019 1946 1160 2016 bellum
1180 1948 1242 2016 ad·

177 2091 312 2142 versus
326 2072 453 2158 ipsum
468 2069 688 2156 Pompeium
705 2070 822 2155 gessit
841 2070 977 2158 Caesar,
994 2073 1098 2157 quod
1116 2091 1241 2161 pugna

177 2198 279 2286 apud
298 2195 520 2264 Pharsalum
540 2194 575 2262 d.
600 2193 659 2261 ΙΧ.
691 2211 811 2263 mens.
842 2195 1000 2282 Augusti
1026 2198 1241 2269 coniectum

176 2329 251 2410 est3
269 2321 416 2407 deinde,
430 2319 506 2388 fine
526 2319 627 2406 anni,
658 2337 719 2388 res
737 2319 1020 2409 Alexandrinae,
1042 2325 1180 2394 coortis
1200 2327 1239 2394 in

178 2447 280 2535 regia
299 2446 412 2514 domo
432 2443 750 2532 dissensionibus,
773 2463 999 2532 componere
1024 2448 1162 2518 trustra
1181 2469 1241 2520 co·

177 2578 301 2659 natus,
323 2569 514 2639 Ptolemaei
534 2569 631 2656 regis
647 2568 745 2639 bello
770 2551 892 2656 usque
922 2572 968 2641 ad
987 2590 1157 2644 mensem
1180 2577 1241 2646 Ju-

176 2696 270 2765 lium
285 2694 521 2781 insequentis
537 2694 627 2762 anni
642 2697 810 2762 retentus
830 2701 887 2763 est
906 2694 943 2763 in
963 2697 1133 2786 AEgypt03
1158 2706 1239 2770 tum

177 2823 217 2891 in
231 2820 359 2889 Asiam
370 2823 500 2888 contra
514 2818 758 2905 Pharnacem,
776 2819 934 2906 Bospori
949 2840 1086 2911 regem,
1098 2826 1240 2911 proiec-

175 2953 238 3017 tus
253 2951 326 3034 est,
348 2963 425 3032 quo
440 2944 633 3014 celerrime
648 2945 805 3034 devicte,
830 2947 988 3017 Romam
1007 2967 1138 3021 mense
1158 2972 1240 3041 sep-

176 3073 313 3143 tembri
332 3072 481 3140 advenit
495 3077 542 3159 et,
558 3071 690 3158 paucis
705 3072 840 3141 diebus
856 3073 893 3140 in
914 3074 1013 3146 Urbe
1033 3094 1240 3148 commora-
1294 3147 1297 3152 ,
1404 3149 1406 3156 Α

175 3207 252 3286 tus,
283 3197 424 3284 quibus
444 3197 591 3284 negotia
610 3197 770 3284 plurima
789 3200 984 3288 expedivit,
1019 3203 1057 3270 in
1076 3204 1238 3275 Airioam

177 3325 269 3394 abiit
286 3323 600 3410 Pompeianarum
621 3323 814 3409 copiarum
833 3325 1011 3412 reliquias
1040 3347 1239 3416 oppressu·

176 3469 254 3520 rus.
270 3449 350 3532 Qua
364 3449 403 3517 in
414 3448 574 3524 raetiam
589 3452 670 3516 tum
685 3455 891 3536 occupatus
902 3457 991 3541 erat,
1005 3472 1093 3524 cum
1109 3457 1237 3528 Cicero

176 3579 317 3648 librum
329 3576 381 3643 De
397 3573 513 3644 Oloris
526 3573 731 3643 Oratoribus
742 3579 977 3665 conscripsit.
989 3579 1114 3652 Otium
1127 3585 1238 3672 igitur

175 3722 243 3792 per
257 3721 302 3771 aa
315 3708 484 3788 tempora
496 3699 634 3769 Caesari
649 3701 848 3771 minimum
867 3703 985 3774 fuisse
999 3709 1085 3793 quis
1101 3728 1177 3778 non
1187 3713 1237 3780 vi-

176 3829 351 3901 detritos
371 3829 509 3913 autem,
530 3826 562 3893 si
581 3825 726 3913 fuisset,
744 3828 781 3895 in
802 3833 1063 3915 componenda
1082 3835 1238 3906 historia

175 3954 264 4025 belli
280 3953 399 4022 civilis
420 3953 546 4038 potius
566 3970 660 4020 usus
679 3958 791 4040 asset,
816 3972 903 4038 quae
923 3957 995 4042 ipsi
1018 3963 1098 4027 tum
1118 3964 1236 4032 multo

176 4080 330 4167 majoris
345 4077 526 4147 momenti
537 4081 626 4163 erat,
634 4095 748 4164 quam
758 4078 846 4147 belli
862 4080 1002 4151 Gallici.
1013 4083 1125 4170 Atqui
1137 4087 1236 4156 Com·

175 4205 366 4274 mattarios
381 4202 422 4269 do
435 4201 535 4270 Bello
553 4201 657 4271 Ciuili
667 4222 789 4289 neque
803 4209 884 4274 tum
899 4211 1090 4299 temporis,
1112 4231 1235 4300 neque

175 4348 357 4417 unquam,
375 4329 466 4397 dum
479 4327 580 4415 vixit,
598 4328 644 4397 ad
659 4325 965 4416 finemperduxit.
984 4333 1111 4406 Restat
1125 4338 1236 4424 igitur

204 4557 547 4623 lfflssfflssffiffi.
