3152 5168
753 473 908 541 „2-

304 632 465 727 TacituS,
492 638 611 708 multo
634 639 754 726 magis
781 656 896 723 quam
926 637 1062 724 Caesar,
1084 641 1230 704 mentes
1257 636 1361 704 inse

304 769 537 853 convertunt,
549 765 688 851 quippe
704 782 791 833 cum
807 763 995 832 orationes
1008 762 1158 831 illorum
1174 762 1362 847 ejusmodi

302 890 390 976 sint,
420 908 508 975 quae
540 908 585 958 ex
613 889 825 958 narratione
849 889 1050 975 emineant,
1075 887 1177 956 velut
1203 897 1362 973 gemmae

238 994 243 1007 ⁸
300 1012 627 1100 quadrimatum
660 1012 893 1099 splendeant,
923 1012 1038 1099 hujus
1063 1016 1188 1079 autem
1215 1015 1362 1079 tantum

299 1156 376 1206 non
395 1155 545 1224 semper
568 1139 707 1208 lateant
724 1139 763 1205 in
788 1137 1001 1206 narratione
1023 1141 1059 1204 et
1077 1135 1360 1223 quodammodo

299 1263 547 1332 dissimulatae
567 1264 652 1333 sint.
671 1264 865 1350 Plerisque
880 1263 992 1350 igitur
1010 1263 1102 1332 satis
1121 1267 1179 1330 est
1192 1281 1256 1330 eas
1270 1280 1361 1350 pau-

299 1389 355 1458 cis
374 1388 498 1458 verbis
518 1390 683 1476 laudare,
705 1390 831 1458 habita
849 1389 1090 1477 potissimum
1109 1389 1253 1457 ratione
1272 1406 1361 1458 oon-

298 1515 446 1583 tionum
475 1532 571 1601 quas
592 1515 717 1584 Caesar
741 1515 841 1602 apud
864 1515 1002 1583 milites
1014 1514 1121 1602 tecit,
1142 1532 1314 1601 quasque
1333 1514 1359 1582 ii

299 1638 469 1708 conferre
484 1640 607 1708 solent
621 1657 709 1708 oum
723 1639 894 1726 praeclari
909 1638 1010 1707 illius
1027 1638 1261 1725 imperatoris
1275 1657 1359 1726 pro

299 1763 612 1852 nuntiationibus,
637 1764 716 1852 qui,
742 1782 897 1834 avorum
922 1769 1138 1834 nostrorum
1162 1765 1356 1851 memoria,

299 1891 486 1960 Caesarem
500 1890 649 1959 militari
664 1891 774 1960 laude
789 1895 825 1958 et
833 1889 1086 1959 -consiliorum
1101 1889 1358 1977 magnitudine

228 2105 231 2110 .
299 2021 411 2102 atque
443 2015 661 2084 dominandi
695 2015 895 2101 cupiditate
929 2015 1102 2102 aequavit,
1132 2015 1357 2102 eloquentiae

298 2139 371 2208 alio
390 2156 547 2226 prorsus
576 2159 711 2228 genere
739 2141 877 2227 floruit,
906 2159 977 2211 nec
1005 2145 1129 2209 tamen
1158 2140 1357 2209 minusad
1459 2183 1461 2188 ,

298 2264 589 2335 inflammandos
609 2266 769 2334 militum
789 2284 946 2336 suorum
970 2267 1116 2335 animos
1146 2284 1357 2334 accommo-

301 2389 399 2458 dato,
436 2389 529 2459 Cum
557 2396 680 2458 cetera
705 2392 884 2460 litteratos
911 2409 1094 2478 perquam
1125 2391 1287 2459 breviter
1320 2397 1357 2459 et

300 2517 517 2585 summatim
536 2517 659 2585 adhue
685 2517 849 2604 attigisse
877 2522 1036 2603 constet,
1063 2516 1182 2586 forma
1201 2516 1356 2603 quidem

300 2641 518 2729 excipienda
533 2647 601 2729 est,
622 2642 788 2728 quatere
808 2660 940 2711 omnes
956 2642 1081 2712 Caesar
1091 2643 1279 2712 orationes
1295 2661 1353 2711 ex-

299 2765 420 2835 hibuit
438 2785 628 2853 quamque
642 2767 894 2854 grammaticae
908 2767 1016 2854 periti
1032 2784 1247 2837 sermonem
1264 2768 1353 2854 obli-

299 2909 419 2977 quum
432 2897 567 2961 vocant
588 2912 594 2960 :
617 2892 730 2978 hujus
751 2893 897 2980 regulas
912 2893 1131 2979 planissime
1146 2893 1352 2963 declarave-

299 3022 398 3104 runt,
424 3018 516 3088 adeo
541 3023 582 3087 ut
613 3018 705 3087 mihi
725 3018 771 3086 de
791 3036 834 3086 ea
857 3036 897 3087 re
923 3019 1015 3086 nihil
1039 3037 1124 3088 esse
1151 3018 1349 3090 dicendum

297 3143 555 3229 judicaverim.

345 3270 474 3356 Itaque
509 3270 630 3339 tribus
657 3271 696 3339 iu
728 3270 1004 3358 quaestionibus
1036 3276 1112 3340 tota
1146 3272 1348 3341 versabitur

299 3395 499 3485 disputatio
519 3413 602 3465 mea
622 3415 629 3463 :
652 3397 773 3483 primo
793 3401 834 3465 ut
853 3396 1070 3483 investigem
1094 3402 1281 3483 quatenus
1294 3415 1346 3466 ve·

299 3521 457 3608 ritatem,
477 3521 516 3589 id
537 3526 605 3608 est,
623 3520 810 3590 orationes
829 3538 957 3589 revera
971 3521 1129 3608 babitaS,
1146 3522 1343 3608 exprimant

299 3647 487 3716 orationes
520 3664 607 3732 quae
627 3651 717 3714 sunt
739 3646 777 3714 in
803 3645 1071 3714 Commentariis
1091 3645 1132 3713 de
1149 3645 1249 3714 Bello
1270 3646 1340 3716 Got-

297 3770 380 3855 tieo;
396 3771 532 3841 deinde
547 3777 588 3840 ut
606 3789 790 3859 exponam
805 3790 882 3858 quo
901 3772 1073 3859 consilio,
1090 3772 1200 3858 cujus
1220 3773 1339 3841 utilita-

295 3898 343 3966 tis
363 3915 442 3985 spe,
463 3898 510 3965 ad
529 3916 593 3968 eas
613 3898 845 3967 adhibendas
867 3898 1052 3966 adductus
1076 3897 1186 3967 fuerit
1206 3899 1334 3982 Caesam

296 4028 486 4111 postremo
511 4027 551 4091 ut
584 4024 838 4093 demonstrem
866 4040 930 4092 eas
963 4042 1039 4092 non
1067 4024 1239 4111 indignas
1266 4039 1334 4094 esse

181 4153 183 4162 ’
298 4148 458 4218 oratoria
468 4147 531 4216 illa
540 4147 809 4236 facultate‚qua
823 4148 1010 4217 Caesarem
1025 4149 1225 4236 praeditum
1236 4149 1332 4218 fuisse

175 4249 185 4364 ³,
297 4275 453 4344 seimus.
491 4272 564 4344 Cur
591 4273 867 4344 Commentarios
887 4273 928 4341 de
949 4273 1049 4343 Bello
1076 4272 1180 4343 Civili
1198 4274 1237 4343 in
1255 4275 1330 4342 hano

295 4399 589 4470 controversiam
609 4418 686 4469 non
714 4417 900 4488 vocarem,
921 4418 965 4469 ea
984 4417 1100 4469 causa
1117 4399 1198 4487 fuit,
1227 4417 1269 4468 ne
1287 4399 1329 4466 in·

174 4559 179 4576 ·
296 4524 489 4613 vestigatio
505 4544 600 4615 mea,
622 4543 712 4597 eum
727 4525 838 4597 latius
852 4532 1058 4615 vagaretur,
1073 4526 1201 4597 minus
1217 4529 1325 4596 attenta
