3168 5180
655 543 832 620 -554

252 719 436 788 Barbaros
470 737 570 805 vero,
605 718 670 803 qui
713 718 833 803 ipsius
867 717 1072 803 populique
1108 715 1267 788 Romani

207 844 370 912 amicitia
390 845 449 912 usi
472 849 610 929 essent,
632 844 797 931 primum
822 860 971 910 summa
993 863 1084 913 eura
1105 846 1151 913 ab
1175 843 1269 928 inju-

206 969 271 1036 riis
300 970 526 1055 defendisse,
557 969 692 1036 deinde
727 985 876 1036 summa
899 970 1160 1038 benevolentia
1180 968 1268 1036 dile-

203 1094 304 1162 xisse
325 1112 552 1181 summoque
579 1095 722 1162 honore
751 1094 916 1162 coluisse
939 1095 1056 1163 videri
1080 1094 1169 1163 vult.
1194 1093 1267 1160 Au-

202 1220 351 1287 diamus
389 1221 515 1306 ipsum
559 1221 689 1288 ordine
734 1225 1018 1287 enumerantem
1062 1239 1158 1306 quas
1203 1237 1264 1285 res

203 1344 379 1412 Helvetiis
405 1345 492 1412 vitio
518 1345 612 1412 detl:
639 1369 655 1406 «
677 1343 785 1425 Quod
810 1362 853 1411 eo
875 1343 989 1410 invito
1009 1345 1079 1412 iter
1097 1363 1164 1429 per
1183 1361 1265 1428 pro·

203 1495 219 1544 «
244 1470 407 1538 vinciam
426 1489 492 1555 per
513 1471 586 1536 vim
607 1473 864 1556 temptassent,
877 1471 980 1555 quod
995 1467 1264 1555 AE«.luOS,quod

204 1620 220 1655 «
245 1594 462 1680 Ambarros
492 1596 594 1680 quod
620 1594 840 1680 Allobrogas
867 1601 1147 1663 vexassent...»
1178 1593 1264 1660 Non

202 1721 314 1806 igitur
332 1722 457 1789 solum
483 1739 572 1788 suas
594 1720 799 1807 populique
822 1721 981 1788 Romani
998 1719 1169 1804 injurias,
1197 1715 1265 1784 sed

202 1846 314 1913 etiam
355 1847 546 1915 Gallorum
584 1845 793 1914 amicorum
821 1845 1059 1913 ulciscendas
1091 1843 1262 1928 suscipit.

203 1972 394 2040 Gallorum
415 1972 650 2058 principibus
675 1972 720 2038 de
740 1971 914 2039 Ariovisti
935 1971 1083 2056 inJ'uriis
1102 1987 1264 2055 queren-

203 2095 304 2163 tibus
324 2097 375 2163 ita
395 2094 633 2183 respondetl:
660 2121 676 2158 «
695 2096 821 2164 ...Sibi
842 2114 925 2162 eam
946 2113 1025 2162 rem
1046 2113 1147 2163 curae
1167 2094 1264 2160 futu

203 2246 219 2281 «
245 2239 345 2306 ra1n3
368 2239 541 2306 magnam
563 2241 603 2288 se
630 2221 767 2288 habere
792 2239 898 2306 spem
921 2226 957 2287 et
979 2219 1165 2287 beneficio
1192 2237 1263 2285 suo
1306 2201 1309 2207 ¹

205 2370 221 2406 «
248 2351 284 2412 et
294 2347 513 2414 auctoritate
527 2346 731 2414 adductum
742 2346 970 2413 Ariovistum
985 2344 1100 2412 finem
1115 2343 1264 2429 injuriis

204 2495 220 2532 «
246 2471 444 2538 facturum.
473 2496 489 2532 »
522 2472 642 2552 Quam
672 2471 862 2558 pollicitus
896 2475 954 2538 est
982 2488 1148 2556 operam,
1180 2487 1262 2536 eam

201 2595 361 2663 fideliter
375 2602 552 2681 praestat,
579 2615 742 2681 namque
762 2615 829 2682 per
847 2597 988 2681 legatos
1009 2596 1055 2663 ab
1076 2595 1262 2676 Ariovisto

200 2721 402 2806 postulavit
425 2725 465 2788 ut
485 2725 497 2761 ³
520 2723 719 2808 «obsides,
742 2741 839 2806 quos
869 2721 1023 2789 haberet
1044 2721 1090 2789 ab
1117 2721 1262 2799 AEduis,

203 2846 427 2930 «redderet,
461 2846 722 2931 Sequanisque
749 2849 978 2932 permitteret
1007 2853 1058 2933 ut,
1090 2866 1189 2931 quos
1211 2845 1263 2911 illi

203 2995 219 3031 «
247 2971 437 3056 haberent,
469 2971 658 3038 voluntate
692 2973 774 3056 ojus
812 2974 967 3040 reddere
1001 2972 1075 3040 illis
1110 2973 1262 3055 liceret;

203 3120 219 3156 «
245 3114 338 3162 neve
362 3097 503 3164 AEduos
538 3097 673 3180 injuria
699 3097 912 3182 lacesseret,
938 3117 1029 3165 neve
1054 3098 1114 3164 his
1134 3096 1265 3164 sociis-

201 3245 217 3281 «
244 3238 318 3305 que
338 3238 468 3288 eorum
490 3221 630 3287 bellum
650 3223 877 3300 interret....;
900 3224 931 3290 si
949 3242 1024 3290 non
1046 3223 1261 3308 impetraret

203 3371 219 3407 «
246 3346 296 3429 tid
311 3345 506 3432 desert...
523 3365 563 3414 se
583 3348 790 3415 AEduorum
806 3349 962 3433 injurias
983 3368 1057 3416 non
1077 3349 1264 3432 neglectu-

204 3496 220 3531 «
246 3489 342 3538 rum.
363 3495 378 3531 »
396 3471 481 3556 lpse
497 3471 534 3537 in
551 3472 741 3557 colloquio
762 3475 862 3559 apud
881 3474 1109 3541 Ariovistum
1130 3459 1264 3542 confir-

201 3596 315 3663 inavit
325 3594 350 3661 l:
373 3595 541 3681 «Neque
564 3617 673 3664 suam
699 3617 821 3684 neque
846 3601 974 3685 populi
996 3600 1156 3666 Romani
1176 3617 1264 3666 oon-

203 3749 220 3784 «
247 3722 486 3789 suetudinem
507 3724 594 3808 pati,
619 3725 672 3790 uti
693 3726 831 3809 optime
852 3731 1039 3793 merentes
1056 3727 1183 3793 soeios
1204 3726 1264 3791 de-

204 3875 220 3910 «
247 3853 433 3914 sereret.»
461 3847 624 3916 Primum
648 3851 684 3915 in
701 3851 864 3917 amicitia
885 3852 1004 3936 ipsius
1025 3852 1151 3918 looum
1172 3851 1263 3918 obti-

203 3999 219 4033 «
250 3977 338 4040 nent
356 3972 478 4057 AEdui,
507 3997 523 4034 «
547 3974 1106 4062 11111195001511111111111111111»
1134 3977 1263 4062 populi

149 4095 153 4104 '
202 4097 374 4182 Romani,
405 4104 441 4164 et
470 4101 659 4184 praecipue
685 4120 814 4168 eorum
836 4104 1012 4188 princeps
1046 4103 1260 4170 Diuitiaene.

201 4225 295 4292 Cum
315 4222 451 4290 habeat
479 4231 714 4310 compertum
738 4245 758 4292 a
782 4227 1009 4314 Dumnorige
1034 4219 1260 4314 fratreque,

200 4347 386 4416 civitatem
406 4347 614 4416 AEduorum
642 4351 688 4418 ad
709 4353 932 4438 seditionem
958 4354 1150 4440 concitari,
1176 4375 1262 4440 quoe

232 4570 855 4638 ¹1,tt,³.-²1,33‚t.-³1‚35,3sq.-
876 4578 916 4637 ⁵1,
939 4577 1219 4645 11,1.-·’·1,13,1.
