3168 5180
644 579 688 594 ..-
707 539 816 612 79,-

199 712 267 794 est,
298 705 474 793 recentis,
501 723 577 790 qua
592 703 782 774 Cassianae
812 703 931 772 cladis
951 702 1142 774 infamiam
1165 703 1261 772 dele·

196 839 337 920 verant,
358 831 525 900 victoriae
554 830 744 899 fiduciam.
771 829 891 912 Quam
916 829 1178 901 refutationem
1198 847 1261 918 op·

197 957 287 1026 time
320 957 457 1045 excipit
489 957 687 1044 peroratio,
727 973 803 1041 qua
840 951 1053 1025 minaciter
1069 955 1262 1026 contendit

198 1081 327 1152 Divico
351 1083 540 1168 reliquum
568 1081 711 1151 bellurn
733 1099 809 1149 non
833 1081 915 1166 ejus
939 1081 1106 1150 victoriae
1139 1079 1262 1150 simile

199 1207 368 1276 futurum
396 1207 589 1293 RomaniS,
619 1207 686 1274 sed
714 1206 904 1275 Cassianae
929 1207 1067 1276 cladis:
1102 1205 1262 1288 «Quare

201 1357 218 1396 «
244 1351 291 1402 ne
311 1334 561 1402 committeret
582 1337 623 1400 ut
641 1333 674 1400 is
696 1333 817 1419 locuS,
838 1332 903 1402 ubi
925 1332 1195 1418 constitissent,
1218 1348 1264 1399 ex

201 1482 217 1526 c
244 1460 452 1529 calamitate
471 1458 601 1546 populi
620 1458 780 1526 Romani
800 1463 836 1526 et
850 1458 1106 1527 internecione
1122 1457 1263 1527 exerci-

203 1590 307 1653 «tus
342 1561 481 1654 nomen
514 1589 663 1671 caperet
682 1590 746 1652 aut
779 1585 999 1653 memoriam
1028 1584 1212 1671 proderet.
1245 1602 1262 1647 t

199 1711 331 1804 ltaque
351 1728 466 1796 quam
482 1711 675 1795 aptissime
691 1709 819 1778 omnia
840 1711 1023 1779 collocata
1044 1714 1134 1778 sunt
1153 1712 1265 1793 atque

206 1836 410 1904 cohaerent.
800 1841 801 1844 ’

248 1961 475 2048 Ambiorigis
491 1962 601 2048 quale
623 1961 734 2029 tuerit
761 1962 800 2029 in
822 1962 1014 2031 Romanos
1048 1961 1264 2046 consilium,

202 2088 315 2174 paulo
338 2105 453 2172 supra
473 2087 827 2174 demonstravimus
852 2087 916 2156 ubi
939 2087 985 2155 de
1009 2087 1124 2156 Cottae
1144 2091 1180 2155 et
1201 2085 1266 2154 Sa-

205 2215 285 2283 bini
318 2214 551 2283 orationibus
585 2214 848 2282 disseruimus.
893 2215 1013 2296 Quam
1052 2215 1086 2282 ei
1124 2211 1268 2280 affinxit

203 2337 329 2406 Caesar
357 2338 575 2424 orationem,
599 2355 644 2405 ea
662 2337 752 2405 illuc
776 2338 949 2425 pertinet,
980 2343 1022 2405 ut
1040 2335 1169 2423 legatis
1188 2354 1269 2422 per·

204 2465 363 2534 suadeat
389 2465 572 2550 optimum
604 2463 698 2550 ipsis
732 2482 816 2532 esse
853 2464 1011 2532 hiberna
1041 2463 1266 2548 relinquere.

204 2589 337 2676 Neque
351 2594 476 2658 tamen
493 2589 692 2658 committit
706 2594 748 2656 ut
762 2589 800 2657 id
815 2589 921 2658 initio
938 2589 1117 2658 orationis
1142 2588 1227 2656 stati

204 2716 367 2784 declaret
384 2735 392 2801 ;
410 2732 498 2783 cum
515 2715 617 2783 enim
636 2715 755 2800 pridie
771 2715 818 2783 ad
833 2720 955 2784 castra
971 2713 1130 2783 infensis
1145 2713 1265 2800 copiis

202 2841 345 2909 venerit
368 2845 405 2909 et
426 2840 744 2928 oppugnationem
773 2841 954 2909 acerrime
979 2839 1156 2926 intulerit,
1187 2838 1268 2908 fieri

203 2985 280 3036 non
295 2971 419 3052 potest
433 2967 525 3052 quin
541 2967 721 3035 Romanis
742 2967 790 3034 sit
811 2967 957 3035 invisus
978 2971 1089 3052 atque
1116 2983 1269 3052 suspec-

204 3099 277 3161 tus.
297 3093 418 3175 Quare
436 3095 552 3162 verba
566 3094 647 3180 ejus
667 3094 782 3162 fidem
802 3113 878 3164 non
901 3099 990 3162 sunt
1004 3095 1158 3180 iactura,
1180 3093 1266 3180 nisi,

204 3207 427 3304 priusquam
457 3220 664 3288 decedendi
689 3239 709 3288 e
734 3220 867 3288 castris
897 3220 1161 3289 condicionem
1182 3219 1269 3288 otie-

193 3332 272 3430 ‘rat‚
294 3345 424 3413 odium
447 3350 559 3431 atque
579 3345 838 3432 suspicionem
853 3345 1059 3414 sustulerit.
1082 3346 1130 3416 Ut
1144 3345 1266 3432 igitur,
1283 3421 1285 3436 ,

205 3488 320 3556 quarn
340 3470 412 3538 sibi
433 3471 514 3557 ipse
539 3471 798 3540 auctoritatem
819 3471 968 3558 ademit,
991 3471 1172 3557 restituat,
1194 3488 1269 3539 am·

203 3597 305 3682 plam
329 3596 621 3683 diligentemque
643 3598 954 3685 preparationem
978 3597 1181 3684 praemittit,
1204 3573 1289 3666 cu?

201 3721 265 3806 J'us
281 3722 366 3790 duae
382 3727 472 3790 sunt
493 3728 629 3808 partes.
647 3723 772 3791 Primo
788 3741 903 3809 quam
923 3723 1052 3791 multis
1067 3722 1268 3792 beneficio-

205 3866 289 3922 rum
307 3849 470 3917 vinculis
486 3849 672 3936 obligatus
689 3849 826 3918 Caesari
842 3853 891 3918 sit
900 3849 1063 3936 exponit,
1075 3867 1118 3918 ea
1128 3855 1265 3936 mente,

206 3979 246 4042 ut
260 3975 428 4062 gratiam,
441 3993 556 4060 quam
575 3993 643 4062 pro
664 3976 776 4043 tantis
787 3975 929 4044 meritis
940 3994 1007 4061 par
1026 3980 1127 4044 esset
1141 3975 1267 4062 ipsum

205 4099 356 4187 habere,
377 4117 505 4169 revera
523 4101 661 4169 habere
681 4100 923 4170 existimetur.
941 4099 1047 4194 Num
1065 4087 1267 4171 verisimile

205 4230 263 4293 est
280 4225 403 4294 virum
419 4244 505 4312 erga
525 4244 640 4311 quem
656 4226 782 4295 Caesar
796 4245 839 4295 ea
857 4225 1129 4295 benevolentiae
1149 4225 1267 4296 docu-

205 4356 331 4421 menta
354 4351 581 4439 praestiterit,
612 4352 650 4420 in
687 4351 846 4421 Caesaris
883 4352 1025 4439 legatos
1053 4351 1268 4437 militesque

207 4477 375 4547 atrocius
409 4477 620 4564 quidquam
652 4464 856 4546 meditari‘l
891 4477 1033 4547 Deinde
1068 4481 1193 4546 autem
1226 4493 1268 4546 se

205 4621 394 4690 suamque
416 4603 606 4674 civitatem
631 4605 677 4673 de
697 4604 821 4674 subita
839 4603 902 4674 illa
920 4609 1130 4674 castrorum
1151 4621 1267 4691 oppu-
