3168 5180
731 519 909 589 ..90-

287 699 374 768 quae
393 681 507 749 modo
528 681 733 769 attulimus
757 689 974 753 «aeternam
1003 681 1197 769 inJ'ungere
1231 684 1350 753 servi-

289 811 451 892 tutem»
468 807 638 893 exemplo
653 808 853 878 confirmat
865 807 993 878 Galliae
1013 807 1195 895 finitimae,
1213 810 1350 896 quaein

289 931 520 1021 provinciam
532 932 610 1018 jam
634 934 785 1003 redacta
803 940 872 1021 est,
902 952 1092 1021 quamque
1116 935 1350 1004 audientium

291 1056 425 1143 oculis,
442 1063 484 1126 ut
501 1057 552 1125 ita
579 1057 714 1145 dicam,
742 1060 918 1146 proponit
947 1049 1179 1129 «securibus
1203 1061 1352 1147 subjec-

290 1188 378 1252 tam.
401 1183 555 1270 anemo,
567 1188 609 1253 ut
623 1184 769 1272 opinor,
784 1203 860 1254 non
880 1185 1048 1273 fateatur,
1058 1186 1245 1272 eJusmodi
1264 1205 1352 1257 esse

290 1326 374 1378 eam
388 1308 608 1397 orationem,
624 1328 815 1396 quaecum
833 1310 1097 1398 pulcherrimis
1112 1312 1202 1380 Livii
1221 1312 1352 1382 Taciti-

291 1452 366 1520 que
381 1433 615 1503 orationibus
634 1435 767 1503 merito
788 1435 996 1522 comparari
1014 1436 1145 1522 possit.
1168 1436 1209 1505 Id
1231 1455 1350 1506 unum

290 1560 329 1630 in
339 1560 671 1647 reprehensionem
687 1560 855 1648 incurrit,
873 1561 1004 1647 maJ'ori
1014 1566 1090 1630 arte
1101 1580 1183 1631 eam
1198 1581 1352 1649 compo-

293 1686 404 1754 sitam
431 1689 543 1770 atque
559 1684 737 1770 scriptam
753 1702 850 1769 esse,
872 1702 986 1770 quam
1010 1685 1158 1754 barbari
1177 1686 1246 1754 viri
1265 1705 1352 1774 per-

291 1795 397 1878 sonae
413 1808 643 1877 conveniens
658 1808 744 1876 fuit:
763 1808 1085 1894 quemadmodum
1101 1810 1259 1897 Galgaco
1274 1811 1355 1879 Bri-

291 1940 407 2004 tanno
421 1934 571 2003 Tacitus
586 1933 606 2021 ¹,
623 1934 674 2002 ita
707 1934 918 2020 Critognato
947 1933 1113 2003 Arverno
1134 1935 1259 2005 Caesar
1277 1938 1354 2006 elo·

293 2059 458 2147 quentiae
474 2078 555 2129 suae
577 2076 669 2147 opes
692 2059 893 2145 benignius
915 2059 1125 2146 impertivit.

338 2185 516 2268 Quamvis
548 2185 660 2272 igitur
687 2184 912 2253 amissarum
946 2183 1104 2253 Caesaris
1139 2187 1352 2256 orationum

291 2311 476 2397 jacturam
495 2308 650 2377 minime
669 2307 866 2377 restituant
885 2308 1072 2376 orationes
1092 2328 1178 2395 quae
1198 2315 1287 2379 sunt
1314 2311 1354 2379 in

297 2435 565 2507 Commentariis
602 2434 643 2501 de
677 2434 778 2502 Bello
818 2433 965 2520 Gallico,
1004 2433 1105 2503 haud
1143 2435 1356 2523 spernenda

294 2567 420 2633 tamen
442 2561 614 2632 oratoriae
642 2561 725 2648 eius
752 2560 939 2629 facultatis
966 2559 1193 2630 documenta
1220 2580 1356 2649 suppe-

295 2688 425 2773 ditant,
442 2685 741 2772 confirmantque
761 2685 978 2772 opinionem
998 2687 1174 2772 quamde
1194 2705 1237 2755 ea
1265 2688 1357 2757 anti-

295 2814 362 2900 qui
377 2817 550 2882 auctores
565 2810 758 2880 memoriae
781 2810 1037 2897 prodiderunt.
1066 2811 1181 2897 CuJus
1200 2813 1356 2882 virtutes
1421 2866 1427 2878 .

295 2937 534 3025 eloquentiae,
555 2937 634 3005 sive
652 2935 855 3005 barbarum
879 2937 1141 3022 incultumque
1163 2937 1356 3007 hominem

295 3065 441 3134 inducit
453 3064 683 3149 loquentem,
701 3062 779 3130 sive
794 3080 835 3130 se
854 3062 935 3149 ipse
955 3061 1089 3130 eximie
1109 3067 1241 3132 natura
1259 3081 1356 3150 prae-

294 3187 414 3256 ditum
433 3189 545 3270 atque
562 3183 697 3252 studiis
721 3182 938 3270 expolitum,
960 3182 1113 3251 easdem
1133 3183 1288 3270 ubique,
1311 3201 1357 3251 ex

296 3309 572 3381 consuetudine
591 3312 759 3377 veterum
778 3324 905 3376 rerum
933 3307 1172 3394 scriptorum,
1194 3308 1355 3379 exhibet.

298 3436 379 3519 Qua
407 3451 624 3503 causacum
644 3433 791 3520 ceteriS,
813 3451 908 3519 quas
933 3451 1047 3519 supra
1075 3433 1356 3522 explicavimus,

297 3560 507 3630 rationibus
526 3558 729 3644 coniuncta
752 3557 993 3626 manifestum
1008 3557 1049 3625 fit
1063 3575 1151 3626 eum
1165 3557 1205 3625 in
1221 3560 1358 3628 oratio-

298 3686 411 3756 nibus
435 3684 626 3754 tradendis
646 3684 814 3752 utilitatis
834 3682 952 3769 magis
972 3699 1086 3768 quam
1104 3682 1268 3752 veritatis
1284 3689 1360 3754 stu-

298 3812 449 3882 diosum
468 3809 738 3898 bissenaque
758 3808 834 3877 ulla
852 3825 892 3876 re
912 3789 1081 3876 austeris
1103 3807 1262 3895 differre,
1284 3808 1358 3877 nisi

299 3947 420 4016 forma
434 3944 647 4014 orationum
666 3948 811 4012 tantum
826 3960 902 4011 non
918 3943 1100 4029 omnium,
1117 3959 1204 4028 quae
1219 3943 1359 4029 ingenii

302 4067 564 4143 ostentationis
604 4069 860 4156 suspicionem
897 4067 1061 4136 excludit
1096 4072 1208 4153 atque
1247 4069 1359 4137 etiam

301 4196 504 4296 quamdam
524 4194 636 4264 habet
654 4195 692 4262 in
712 4212 753 4263 se
776 4193 940 4264 veritatis
962 4192 1259 4280 similitudinem,
1284 4212 1360 4280 qua

300 4324 442 4394 cursim
461 4320 615 4408 quidem
634 4319 799 4405 legentes
818 4318 940 4404 decipi
959 4317 1117 4404 possint.

330 4555 397 4611 issi.
410 4557 472 4610 Ταῦ.
493 4556 588 4620 Aurio.
606 4555 646 4607 30.
