3168 5180
656 517 699 528 ..
721 477 762 545 54
788 509 833 528 ..

214 642 314 708 tione
334 609 550 725 convocata,
572 640 804 707 demonstrat
822 638 1010 724 expiatum
1029 655 1114 706 esse
1134 639 1275 709 incom-

214 767 370 835 modum
391 764 574 834 beneficio
595 766 753 834 deorum
781 763 1049 834 immortalium
1083 770 1119 833 et
1140 766 1275 834 virtute

213 894 395 978 ipsorum.
419 915 436 952 ›>
453 891 505 958 De
534 891 596 957 illa
615 892 776 958 militum
809 891 944 958 virtute
968 881 1079 958 haud
1099 892 1216 960 semel
1237 893 1275 959 in

213 1016 536 1087 cohortationibus
555 1017 786 1085 mentionem
806 1015 904 1083 facit.
927 1015 1081 1085 Terrore
1099 1016 1275 1088 Ariovisti

212 1143 410 1230 perculsos
436 1141 664 1228 interrogatl
691 1167 707 1204 «
729 1160 797 1210 eur
823 1142 870 1209 de
894 1159 964 1208 sua
984 1141 1119 1210 virtute
1141 1147 1205 1211 aut
1229 1143 1274 1211 de

214 1269 336 1355 ipsius
356 1267 545 1354 diligentia
565 1290 582 1329 >›
600 1267 811 1355 desperent.
829 1267 1038 1352 Repentino
1054 1267 1276 1338 Nerviorum

215 1395 357 1480 impetu
379 1394 548 1461 turbatos
563 1393 756 1460 hortatur²
779 1393 870 1459 «uti
893 1411 973 1460 suae
1006 1394 1174 1478 pristinae
1206 1395 1276 1462 vir-

215 1519 306 1587 tutis
322 1518 543 1586 memoriam
565 1542 581 1579 »
608 1520 802 1586 retineant.

258 1653 391 1737 Neque
407 1659 532 1720 tamen
553 1653 751 1720 committit
770 1658 811 1719 ut
830 1652 946 1719 nimia
965 1652 1197 1738 indulgentia
1215 1673 1277 1741 pa·

214 1778 326 1846 tiatur
345 1777 494 1862 infringi
514 1778 590 1844 vim
605 1778 751 1864 imperii
767 1783 878 1862 atque
893 1776 1065 1846 lascivire
1084 1778 1221 1853 milites
1241 1783 1278 1846 et

212 1905 345 1990 iugum
373 1902 596 1971 obedientiae
619 1903 834 1971 detrectare.
865 1903 958 1971 Cum
983 1903 1084 1970 enim
1104 1905 1150 1986 ei,
1178 1909 1277 1972 ante-

214 2045 330 2113 quam
346 2032 468 2094 castra
485 2027 627 2094 moveri
643 2032 773 2095 eontra
791 2027 1019 2095 Ariovistum
1038 2028 1276 2122 proiecturus

211 2153 353 2240 jubeat,
371 2153 584 2220 nuntiatum
604 2153 653 2220 sit
667 2153 804 2220 milites
819 2171 895 2220 non
911 2152 989 2220 fore
1009 2153 1109 2222 dieto
1126 2155 1277 2223 audien-

212 2282 283 2365 teS,
305 2277 374 2346 has
390 2277 587 2345 seditionis
608 2277 730 2344 minas
746 2278 985 2364 imperatorio
1006 2278 1121 2346 animi
1136 2280 1274 2368 vigore,

195 2421 293 2501 ’non
313 2403 463 2471 lenibus
491 2402 784 2487 summissisque
807 2402 1087 2490 blandimentis
1117 2405 1277 2491 eompri-

214 2523 314 2596 mit³:
335 2551 351 2590 «
374 2526 481 2608 Quod
502 2545 578 2594 non
594 2526 672 2594 fore
692 2526 791 2594 dioto
812 2527 1007 2594 audientes
1027 2533 1150 2614 neque
1170 2529 1276 2615 signa

215 2649 369 2719 «laturi
395 2652 580 2737 dicantur,
607 2651 699 2718 nihil
724 2670 765 2720 se
790 2670 833 2718 ea
857 2670 896 2719 re
918 2654 1210 2740 commoveri...;
1234 2673 1275 2721 se

215 2803 233 2840 «
258 2777 362 2863 quod
387 2778 425 2844 in
451 2777 659 2862 longiorem
682 2776 782 2844 diem
811 2777 1016 2846 collaturus
1046 2779 1191 2867 luisset,
1221 2789 1301 2847 re-'

215 2927 232 2970 a
258 2907 574 2990 praesentaturum
597 2908 633 2970 et
653 2902 822 2988 proxima
842 2907 952 2971 noete
972 2903 1018 2971 de
1038 2910 1171 2989 quarta
1188 2905 1275 2991 vigi-

214 3051 231 3095 t
257 3029 306 3096 lia
325 3033 447 3097 eastra
464 3033 670 3114 moturum,
688 3033 729 3095 ut
747 3029 1041 3114 quamprimum
1061 3029 1275 3116 intellegere

216 3181 232 3218 «
258 3161 398 3242 posset,
415 3159 541 3223 utrum
556 3153 657 3240 apud
671 3172 737 3222 eos
752 3155 874 3239 pudor
893 3154 1205 3244 atque'officium‚
1227 3175 1274 3223 an

215 3305 232 3347 u
258 3281 371 3350 timor
393 3282 480 3368 plus
504 3280 653 3348 valeret.
678 3301 694 3346 i>
718 3280 765 3350 Ut
783 3281 959 3350 laudibus
981 3282 1160 3368 praeclare
1179 3282 1275 3351 facta
1308 3317 1309 3321 ¹

213 3412 380 3494 exornat,
402 3407 453 3474 ita
472 3406 788 3493 vituperationum
803 3406 997 3474 severitate
1016 3406 1171 3476 minime
1192 3408 1275 3476 abs·

213 3535 317 3620 tinet,
336 3533 401 3601 ubi
420 3531 558 3600 milites
580 3531 618 3620 in
639 3531 764 3617 aliqua
790 3531 901 3618 eulpa
924 3537 1024 3599 sunt.
1053 3531 1174 3613 Quam
1195 3552 1275 3602 rem

213 3661 274 3727 bis
307 3658 480 3727 evenisse
509 3663 635 3724 narrat
672 3674 739 3743 per
771 3675 837 3724 eos
865 3675 998 3743 annos,
1024 3659 1090 3743 qui
1130 3664 1274 3745 septem

216 3784 560 3852 Commentariorum
572 3779 613 3848 de
625 3772 727 3850 B‘ello
745 3780 879 3850 Gallico
894 3781 1000 3850 libris
1014 3783 1271 3852 continentur:

213 3911 336 3998 primo
370 3914 455 3978 ante
487 3887 630 3978 bellum
661 3907 849 3995 Ariovisti,
884 3926 973 3976 oum
1005 3926 1081 3977 non
1120 3909 1275 3995 quidem

214 4035 402 4130 erupisset
421 4035 567 4120 seditio,
590 4034 657 4101 sed
677 4033 1028 4128 seditionisiuturae
1048 4034 1186 4101 indicia
1198 4034 1276 4120 jam

214 4161 334 4230 multa
347 4160 610 4246 provenirent3
633 4158 768 4227 deinde
789 4161 828 4226 in
853 4158 1050 4226 obsidione
1071 4159 1274 4246 Gergoviae,

214 4304 303 4356 oum
322 4286 471 4371 milites
493 4285 642 4370 longius
662 4301 776 4369 quam
792 4283 1059 4370 ipseJussisset
1072 4283 1273 4370 progressi,

246 4518 384 4584 11‚to‚l.
405 4518 597 4581 —211‚2l,2.
614 4517 794 4580 —³1,lo‚12
811 4531 870 4580 sqq.
