3168 5180
755 485 932 558 -gq,

312 649 535 737 hujusmodi
561 650 667 719 locos
701 669 744 720 ea
775 639 925 721 dicendi
945 651 1053 739 copia
1084 651 1239 721 omnino
1277 669 1376 741 esse,

312 795 400 862 quae
437 777 550 847 verba
588 778 688 864 apud
725 795 903 866 magnum
939 776 1136 845 hominurn
1174 796 1376 848 numerum

311 907 408 972 tacta
423 904 549 990 decet;
567 922 691 990 neque
707 905 887 973 orationis
907 923 995 973 ossa
1013 910 1157 973 tantum
1191 908 1373 994 praebere,

311 1029 380 1098 sed
412 1047 550 1116 corpus
571 1048 736 1117 quoque,
753 1031 868 1115 idque
895 1031 1050 1117 plenum
1082 1037 1119 1098 et
1150 1030 1373 1121 formosum,

313 1153 457 1240 obliqui
479 1155 666 1224 sermonis
695 1157 859 1241 quodam
898 1157 1007 1241 quasi
1039 1157 1122 1224 velo
1156 1158 1372 1227 obtectum:

313 1281 468 1365 quodsi
489 1281 575 1370 quis
609 1281 788 1368 detrahat,
810 1281 849 1350 id
878 1287 947 1368 est,
968 1283 1103 1350 modos
1128 1287 1164 1351 et
1192 1301 1376 1370 personas

310 1406 484 1494 invertat,
500 1425 588 1476 vera
607 1408 855 1492 absolutaque
875 1412 998 1495 pateat
1019 1409 1149 1477 oratio.

360 1532 473 1619 Copia
502 1532 657 1618 quidem
683 1532 833 1600 dicendi
861 1551 938 1600 non
968 1527 1147 1602 orationis
1176 1534 1377 1621 eujusdam

311 1671 439 1743 neque
463 1658 622 1726 oratoris
644 1658 794 1744 propria
819 1658 938 1726 virtus
966 1664 1035 1746 est,
1073 1660 1140 1728 sed
1173 1679 1376 1730 commune

313 1784 429 1854 totius
445 1784 670 1869 eloquentiae
691 1789 979 1868 ornamentum;
1001 1785 1236 1855 vehementia
1250 1793 1376 1856 autern

313 1915 427 1996 atque
460 1910 639 1997 splendor
677 1929 800 1996 neque
835 1928 986 1978 ornnem
1010 1929 1212 1997 personam
1251 1932 1376 1999 neque

314 2055 466 2106 omnem
504 2038 712 2106 orationem
746 2021 891 2104 decent.
929 2036 1049 2118 Quare
1083 2039 1278 2107 concitatae
1312 2046 1377 2108 aut

313 2161 523 2248 magnificae
533 2162 758 2230 elocutionis
774 2162 1031 2248 exemplorum
1041 2163 1289 2250 frequentiam
1298 2184 1376 2234 non

313 2295 453 2358 tantam
483 2287 738 2357 Commemorat
762 2287 1014 2374 suppeditant,
1044 2295 1223 2374 quantam
1252 2293 1377 2380 copio-

315 2437 380 2487 sae.
410 2418 621 2487 Vehemens
646 2416 797 2485 dicendi
824 2434 943 2502 genus
974 2416 1099 2484 Caesar
1119 2418 1173 2486 eis
1206 2419 1376 2520 narbaris

313 2543 555 2630 potissimum
597 2541 751 2628 affingit,
791 2527 955 2626 quorum
991 2559 1117 2611 mores
1159 2549 1375 2631 arrogantes

314 2674 426 2755 atque
445 2670 591 2738 feroces
611 2669 729 2736 fuisse
748 2667 864 2735 videri
883 2668 974 2754 vult,
995 2686 1154 2754 eamque
1172 2670 1375 2739 vehemen-

313 2795 404 2864 tiam
432 2813 499 2882 per
523 2793 785 2881 imperativum
813 2793 971 2861 modum
997 2794 1056 2862 vel
1084 2813 1150 2881 per
1175 2796 1376 2882 interroga·

314 2922 436 2990 tiones
447 2920 637 3007 praecipue
653 2917 849 3005 significat.
868 2918 1089 3004 imperativo
1105 2922 1218 2990 modo
1230 2927 1376 2990 tantum

316 3066 393 3116 non
414 3047 567 3114 assidue
587 3045 703 3113 utitur
722 3045 885 3112 Divicol:
909 3067 925 3110 «
951 3045 1060 3114 ...Sin
1079 3047 1178 3116 bello
1198 3049 1375 3135 persequi

317 3177 625 3260 «perseveraret,
655 3171 999 3240 reminisceretur...
1031 3171 1138 3253 Quod
1170 3173 1374 3259 improviso

317 3326 334 3364 «
351 3316 480 3368 'unum
506 3316 644 3386 pagum
675 3298 829 3366 adortus
858 3303 1013 3385 esset...,
1040 3316 1087 3366 ne
1111 3299 1159 3367 ob
1188 3318 1271 3368 eam
1294 3317 1375 3368 rem

317 3430 423 3494 «aut
454 3443 535 3493 suae
559 3441 785 3510 magnopere
810 3423 935 3491 virtuti
968 3423 1147 3492 tribueret
1179 3430 1243 3493 aut
1270 3425 1375 3512 ipsos

317 3575 333 3618 u
360 3551 626 3637 despiceret...
641 3548 763 3631 Quare
775 3567 822 3617 ne
835 3549 1084 3644 committeret
1098 3550 1181 3617 utis
1191 3551 1340 3619 locus..
1355 3575 1373 3614 »

316 3679 410 3748 Item
447 3675 623 3745 Ariovisti
654 3676 779 3744 verbis
807 3692 985 3761 magnum
1019 3676 1162 3744 addunt
1193 3677 1376 3764 impetum

316 3799 646 3890 interrogationes²
664 3821 671 3868 :
697 3827 713 3865 «
735 3801 832 3884 Quid
848 3802 920 3869 sihi
934 3800 1045 3869 vellet
1059 3800 1233 3888 (Caesarii
1248 3803 1323 3872 Cur
1337 3804 1376 3871 in

317 3955 334 3994 «
361 3917 451 3998 sues
477 3927 743 4015 possessiones
766 3926 935 3996 veniret‘t
955 3951 971 3988 »
998 3926 1129 4012 Neque
1151 3932 1275 3996 tamen
1295 3930 1378 4016 ipse

317 4056 479 4125 abstinet
507 4072 551 4122 eo
572 4071 706 4140 genere
736 4052 873 4139 Caesar,
899 4051 964 4120 ubi
991 4070 1052 4119 res
1086 4053 1377 4124 concitationem

317 4180 509 4268 postulant
526 4198 534 4263 ;
555 4178 864 4264 propositionem,
885 4178 1110 4264 utexemplo
1131 4183 1225 4268 utar,
1236 4180 1378 4249 contio·

318 4310 378 4376 nis
393 4307 507 4392 illius,
525 4323 601 4390 qua
619 4309 759 4372 terrore
773 4305 971 4390 perculsos
986 4305 1147 4373 militum
1166 4307 1314 4376 animos
1335 4326 1383 4408 se¹

347 4539 355 4574 1
369 4541 390 4601 Ι,
407 4539 443 4598 13,
457 4535 471 4586 3
484 4549 543 4596 sqq
561 4559 591 4572 -
606 4533 617 4567 ⁹
634 4532 656 4591 1.
672 4532 710 4596 ll,
722 4533 746 4591 8,
