3168 5180
576 1155 758 1234 PARS
805 1155 1059 1233 TERTIA

719 1360 916 1380 ἉΝΜΝᾺΝἉΛΜ

315 1583 317 1592 ⁴
408 1573 486 1634 QUA
505 1572 602 1622 ARTE
628 1571 874 1624 CONSCRIPTAE
899 1573 985 1625 SINT
1013 1568 1240 1623 ORATIONES.
1284 1571 1285 1574 ’

663 1801 979 1818 wmvwwmuvwvmw

340 2042 518 2112 Oratoriis
552 2042 751 2110 virtutibus
780 2044 924 2128 egregie
960 2041 1135 2111 floruisse
1169 2041 1354 2111 Caesarem

294 2169 494 2256 declarant,
511 2187 587 2237 non
603 2169 757 2254 quidem
772 2168 893 2254 ipsius
913 2168 1114 2254 orationes,
1132 2186 1228 2253 quas
1244 2165 1355 2233 nobis

294 2313 370 2364 non
386 2300 550 2364 servatas
566 2313 651 2364 esse
665 2295 907 2363 vehementer
915 2294 1101 2380 dolemus,
1112 2293 1179 2361 sed
1189 2293 1355 2361 virorum

295 2421 536 2507 antiquorum
551 2421 782 2505 testimouia3
800 2420 941 2505 quibus
955 2420 1057 2507 viris,
1074 2437 1162 2487 cum
1177 2423 1214 2487 et
1228 2434 1356 2486 earum

295 2564 421 2616 rerum
436 2547 596 2616 maxime
616 2546 723 2632 periti
742 2545 891 2630 fuerint,
909 2551 946 2613 et
959 2564 1003 2614 ea
1031 2544 1190 2614 Caesaris
1220 2544 1358 2630 scripta

297 2673 435 2755 praesto
454 2667 665 2754 habuerint,
692 2685 777 2752 quae
810 2671 960 2752 tempus
980 2666 1127 2751 delevit,
1149 2664 1250 2732 unde
1262 2663 1359 2749 judi·

297 2793 355 2860 cia
374 2792 421 2861 de
449 2793 531 2877 eius
551 2809 685 2877 genere
715 2790 865 2858 dicendi
891 2790 1068 2877 facerent,
1099 2793 1359 2877 gravissimam

299 2917 556 2986 auctoritatem
571 2915 703 2984 merito
723 2915 936 2983 tribuimus,
960 2915 1029 2983 Hic
1048 2934 1125 2984 non
1146 2918 1272 2986 omnia
1296 2935 1359 2984 ex-

299 3059 438 3130 ponere
458 3040 550 3109 mihi
565 3041 603 3108 in
624 3041 750 3108 auimo
766 3045 834 3127 est,
853 3041 920 3109 sed
935 3059 979 3109 ea
993 3046 1150 3130 tantum,
1168 3062 1255 3128 quae
1271 3049 1360 3111 sunt

299 3166 451 3255 plurimi
471 3167 651 3235 momenti
666 3167 686 3233 ¹.
706 3166 898 3235 Ciceronis
926 3167 1037 3253 igitur
1055 3168 1169 3236 verba
1197 3170 1359 3255 primum

301 3293 466 3379 afferam,
502 3311 588 3378 quae
617 3311 661 3360 ex
696 3292 828 3360 litteris
857 3291 904 3359 ad
938 3292 1152 3361 Cornelium
1178 3293 1360 3380 Nepotem

303 3419 398 3488 datis
430 3419 616 3505 excerpsit
647 3417 872 3503 tradiditque
906 3415 1152 3487 Suetonius²:
1185 3441 1202 3486 a
1233 3418 1361 3501 Quid‘?

304 3566 321 3610 u
347 3547 537 3613 oratorum
554 3561 667 3630 quem
689 3543 778 3610 huic
800 3548 1007 3629 antepones
1027 3562 1171 3632 eorum,
1189 3546 1254 3631 qui
1269 3544 1362 3613 nibil

304 3694 321 3731 «
347 3668 448 3737 aliud
467 3669 654 3755 egerunt‘.i
686 3667 778 3750 Quis
807 3669 1002 3738 sententiis
1036 3675 1100 3738 aut
1128 3671 1273 3739 acutior
1300 3675 1364 3738 aut

305 3819 321 3858 «
348 3794 547 3862 crebriori
580 3793 671 3875 Quis
703 3794 828 3862 verbis
849 3799 914 3862 aut
946 3796 1111 3864 ornatior
1138 3802 1203 3865 aut
1221 3797 1364 3882 elegan-

302 3920 400 3989 tiori
416 3943 432 3982 »
455 3919 549 3989 Cum
564 3920 628 3989 illo
641 3919 784 4005 jndicio
801 3921 1102 4007 operaepretium
1118 3927 1176 3990 est
1190 3923 1262 3991 hoc
1278 3941 1365 3992 con-

302 4033 410 4141 ferre,
430 4055 533 4140 quod
548 4055 586 4123 in
607 4055 702 4123 libro
722 4053 763 4122 de
786 4055 902 4124 Gloria
920 4054 1126 4124 Oratoribus
1146 4057 1193 4126 ad
1207 4057 1364 4126 Brutum

301 4178 423 4248 Attico
445 4179 588 4249 affinxit
607 4181 707 4248 idem
741 4182 894 4250 Cicero:
919 4207 935 4245 «
965 4183 1016 4250 De
1050 4183 1196 4252 Caesare
1231 4185 1365 4271 etipse

305 4330 322 4367 «
348 4305 515 4394 (Atticus)
536 4307 586 4375 ita
603 4306 731 4392 jndice
747 4311 784 4374 et
802 4307 848 4376 tie
864 4309 936 4377 hoc
952 4309 1151 4394 (Cicerone)
1175 4310 1289 4397 hujus
1308 4331 1367 4398 ge-

334 4481 341 4513 ¹
354 4481 396 4533 (if.
408 4483 440 4532 de
451 4483 561 4535 Caesaris
571 4484 720 4548 eloquentia
733 4485 762 4536 J.
779 4489 811 4537 Δ.
823 4486 900 4549 Lisle,
915 4487 955 4535 De
970 4487 1031 4536 Cart
1046 4487 1119 4538 latit
1130 4489 1241 4540 Cetaria
1251 4489 1367 4556 eloquen-

303 4563 351 4622 tia,
365 4562 478 4627 Parisiis,
493 4565 567 4626 185t;
582 4567 609 4614 et
621 4565 729 4627 Kranor,
742 4579 788 4630 op.
805 4568 850 4618 eit,
863 4567 937 4628 v111,
952 4581 989 4631 sq.
1010 4570 1060 4606 -2
1079 4569 1138 4619 ees.
1156 4571 1196 4623 55.
