3168 5180
752 525 929 594 ‚92..

302 685 616 775 praecipuorum
632 687 723 756 alias
734 703 951 757 enumerem
968 704 1118 771 causae,
1130 691 1172 754 ut
1184 686 1268 772 jnre
1283 705 1371 754 sus-

305 813 475 900 picemur
489 829 575 880 eum
596 831 643 881 ne
663 818 743 882 tum
763 815 929 900 quidem,
951 830 1039 881 cum
1067 812 1200 899 potuit,
1223 830 1369 882 meram

304 938 536 1027 expressisse
556 939 769 1008 orationum
782 940 985 1008 veritatem.

351 1066 398 1136 Ut
415 1083 504 1133 vero
527 1064 652 1133 Caesar
671 1083 894 1134 concessam
923 1065 1087 1150 antiquis
1109 1082 1236 1133 rerum
1251 1065 1370 1152 scrip·

305 1191 451 1261 toribus
475 1189 639 1277 fingendi
668 1191 706 1258 in
740 1191 972 1260 orationibus
1001 1191 1189 1260 licentiam
1216 1196 1252 1258 et
1284 1191 1367 1278 ipse

307 1315 512 1403 usurpavit,
547 1316 597 1384 ita
623 1317 741 1385 multo
765 1317 923 1403 minora,
959 1333 1072 1403 quam
1110 1335 1154 1384 ex
1186 1317 1366 1386 omnibus

306 1441 474 1527 quilibet,
488 1439 602 1526 hujus
613 1441 715 1510 modi
727 1441 921 1509 mendacia
929 1440 968 1507 in
984 1458 1025 1508 se
1041 1440 1209 1526 admisit;
1226 1441 1367 1528 quippe

305 1567 371 1654 qui
386 1567 574 1636 orationes
594 1567 805 1653 saepissime
824 1567 956 1652 paucis
971 1567 1096 1634 verbis
1121 1567 1367 1652 comprehen-
1392 1561 1397 1568 '

306 1693 413 1779 derit,
429 1711 514 1761 raro
533 1696 630 1760 totas
653 1692 712 1760 vel
738 1692 814 1760 fere
846 1697 942 1760 totas
972 1692 1197 1778 exposuerit,
1219 1697 1363 1762 tantum

307 1837 383 1888 non
407 1835 556 1903 semper
575 1834 790 1886 sermonem
813 1817 1009 1902 obliquum
1034 1817 1257 1902 adhibuerit,
1288 1835 1366 1902 quo

307 1943 558 2031 significatum
578 1962 662 2012 esse
676 1943 823 2012 videtur
838 1961 924 2010 eum
941 1945 1211 2011 sententiarum
1227 1942 1364 2029 solum,

308 2086 384 2137 non
399 2068 601 2137 verborum
617 2067 808 2135 veritatem
832 2051 1038 2152 exprimere
1058 2067 1097 2134 in
1121 2067 1289 2135 animum
1310 2066 1367 2132 in-

307 2195 472 2264 duxisse.
496 2195 576 2263 Hoc
597 2194 708 2281 igitur
726 2213 747 2261 a
766 2195 900 2262 ceteris
933 2193 1066 2279 differt,
1092 2193 1157 2279 qui
1181 2193 1366 2279 amplissi-

306 2337 452 2390 marum
469 2320 681 2388 orationum
700 2323 736 2387 et
755 2319 959 2388 sententias
979 2323 1016 2386 et
1032 2319 1146 2386 verba
1164 2336 1209 2386 ex
1226 2336 1267 2385 se
1292 2319 1364 2406 ipsi

306 2448 530 2534 plerumque
549 2445 795 2531 protulerunt.

351 2571 425 2642 Cur
442 2575 586 2640 veteres
606 2588 733 2640 rerum
753 2571 955 2656 scriptores
984 2570 1022 2637 in
1043 2571 1210 2639 historiis
1233 2571 1365 2639 oratio·

308 2716 376 2767 nes
395 2698 633 2782 inseruerint,
655 2714 732 2764 non
747 2714 791 2764 ea
806 2696 887 2764 sola
906 2713 1029 2781 neque
1044 2697 1235 2783 praecipua
1250 2715 1366 2764 causa

307 2823 388 2911 fuit,
400 2823 503 2909 quod
518 2821 707 2890 orationes
723 2822 775 2889 ibi
789 2821 1031 2889 manifestum
1046 2822 1140 2907 ipsis
1155 2822 1224 2890 luit
1238 2840 1366 2891 revera

306 2949 452 3018 habitas
473 2965 569 3033 esse,
583 2947 647 3014 ubi
659 2947 847 3015 orationes
868 2947 905 3013 in
917 2947 1129 3015 narratione
1146 2953 1364 3016 occurrunt.

307 3074 479 3159 Namque
499 3077 666 3142 nontam
696 3072 923 3140 studuerunt
940 3072 1177 3140 verissimam
1196 3073 1281 3141 vitae
1301 3073 1366 3142 ho·

308 3201 454 3269 minum
481 3198 682 3306 imaginem
703 3198 935 3266 orationibus
965 3198 1141 3265 adhibitis
1170 3197 1363 3286 perficere,

308 3342 423 3413 quam
442 3302 639 3434 utilitatem
666 3323 868 3408 quamdam
902 3323 1099 3409 consequi,
1134 3342 1220 3409 quae
1253 3324 1365 3392 ineo

307 3451 467 3521 maxime
478 3453 567 3535 erat,
580 3452 621 3516 ut
634 3465 761 3516 rerum
777 3466 912 3516 causas
929 3453 965 3516 et
974 3463 1222 3534 personarum
1239 3467 1365 3518 mores

308 3575 434 3664 specie
457 3574 576 3661 magis
608 3573 731 3641 vivida
754 3573 954 3660 depingere
991 3578 1159 3660 possent,
1195 3591 1308 3659 quam
1334 3578 1367 3645 si

309 3702 381 3790 ipsi
410 3701 456 3770 de
478 3701 533 3768 eis
560 3698 675 3767 locuti
695 3702 833 3767 essent.
859 3697 974 3783 CuJus
1003 3698 1151 3766 consilii
1179 3698 1366 3785 particeps

310 3827 464 3897 omnino
484 3825 553 3893 fuit
572 3823 708 3893 Caesar.
731 3822 972 3892 Orationibus
992 3823 1093 3892 enim
1117 3823 1154 3890 id
1174 3827 1211 3892 et
1229 3824 1367 3908 quaesi-

310 3953 369 4021 vit
380 3957 416 4022 et
434 3951 591 4037 adeptus
611 3955 679 4035 est,
702 3953 743 4016 ut
761 3965 802 4016 se
831 3949 1015 4035 optimum
1030 3948 1150 4016 civem
1174 3953 1286 4034 atque
1301 3949 1368 4016 im·

310 4083 519 4165 peratorem
545 4075 662 4143 fuisse
682 4074 956 4142 demonstraret
974 4092 1041 4160 per
1060 4091 1125 4141 eos
1146 4092 1279 4160 annos,
1300 4091 1367 4160 per

311 4219 407 4289 quos
428 4200 583 4272 Galliam
597 4197 829 4285 provinciam
845 4197 1017 4276 obtinuit,
1039 4202 1086 4284 et,
1109 4215 1265 4266 suorum
1283 4199 1367 4268 bar·

256 4345 258 4350 ·
310 4327 563 4410 barorumque
578 4320 808 4390 adumbratis
819 4321 1057 4408 imaginibus
1071 4322 1366 4409 huJ'usimaginis

311 4469 391 4522 suae
408 4449 528 4518 decus
542 4448 823 4534 augeret‘atque
838 4450 1043 4514 exornaret.
1062 4445 1191 4532 ltaque
1210 4446 1249 4514 in
1260 4445 1366 4515 Com-

306 4570 493 4650 mentariis
530 4565 690 4650 debello
711 4567 859 4654 Gallico,
880 4573 1059 4654 tanquam
1088 4568 1126 4636 in
1155 4573 1364 4640 ceterorum
