<?xml version="1.0" encoding="UTF-8"?>
<!DOCTYPE html PUBLIC "-//W3C//DTD XHTML 1.0 Transitional//EN"
    "http://www.w3.org/TR/xhtml1/DTD/xhtml1-transitional.dtd">
<html xmlns="http://www.w3.org/1999/xhtml" xml:lang="en" lang="en">
 <head>
  <title>
</title>
<meta http-equiv="Content-Type" content="text/html;charset=utf-8" />
  <meta name='ocr-system' content='tesseract 3.04.00' />
  <meta name='ocr-capabilities' content='ocr_page ocr_carea ocr_par ocr_line ocrx_word'/>
</head>
<body>
  <div class='ocr_page' id='page_1' title='image "./deorationibusqu00fabigoog_0063.png"; bbox 0 0 3152 5168; ppageno 0'>
   <div class='ocr_carea' id='block_1_1' title="bbox 797 503 974 578">
    <p class='ocr_par' dir='ltr' id='par_1_1' title="bbox 797 503 974 578">
     <span class='ocr_line' id='line_1_1' title="bbox 797 503 974 578; baseline 0 -16"><span class='ocrx_word' id='word_1_1' title='bbox 797 503 974 578; x_wconf 70' lang='grc'>...34-</span> 
     </span>
    </p>
   </div>
   <div class='ocr_carea' id='block_1_2' title="bbox 352 680 1415 1776">
    <p class='ocr_par' dir='ltr' id='par_1_2' title="bbox 352 680 1415 1776">
     <span class='ocr_line' id='line_1_2' title="bbox 353 680 1413 770; baseline -0.005 -19"><span class='ocrx_word' id='word_1_2' title='bbox 353 682 590 752; x_wconf 85' lang='lat' dir='ltr'>existimabat</span> <span class='ocrx_word' id='word_1_3' title='bbox 605 701 688 751; x_wconf 87' lang='lat' dir='ltr'>eam</span> <span class='ocrx_word' id='word_1_4' title='bbox 709 685 905 754; x_wconf 90' lang='lat' dir='ltr'>mendacio</span> <span class='ocrx_word' id='word_1_5' title='bbox 926 685 1052 770; x_wconf 91' lang='lat' dir='ltr'>aliquo</span> <span class='ocrx_word' id='word_1_6' title='bbox 1076 690 1198 770; x_wconf 91' lang='lat' dir='ltr'>tegere</span> <span class='ocrx_word' id='word_1_7' title='bbox 1218 686 1293 748; x_wconf 92' lang='lat' dir='ltr'>tam</span> <span class='ocrx_word' id='word_1_8' title='bbox 1313 680 1413 747; x_wconf 91' lang='lat' dir='ltr'>calli-</span> 
     </span>
     <span class='ocr_line' id='line_1_3' title="bbox 357 807 1414 894; baseline -0.004 -19"><span class='ocrx_word' id='word_1_9' title='bbox 357 808 448 875; x_wconf 92' lang='lat' dir='ltr'>dum</span> <span class='ocrx_word' id='word_1_10' title='bbox 462 827 683 894; x_wconf 64' lang='lat' dir='ltr'>essequam</span> <span class='ocrx_word' id='word_1_11' title='bbox 699 809 745 878; x_wconf 91' lang='lat' dir='ltr'>de</span> <span class='ocrx_word' id='word_1_12' title='bbox 761 827 804 878; x_wconf 90' lang='lat' dir='ltr'>ea</span> <span class='ocrx_word' id='word_1_13' title='bbox 820 809 974 878; x_wconf 92' lang='lat' dir='ltr'>omnino</span> <span class='ocrx_word' id='word_1_14' title='bbox 990 814 1123 878; x_wconf 88' lang='lat' dir='ltr'>tacere.</span> <span class='ocrx_word' id='word_1_15' title='bbox 1135 807 1281 874; x_wconf 90' lang='lat' dir='ltr'>Paucos</span> <span class='ocrx_word' id='word_1_16' title='bbox 1291 811 1414 872; x_wconf 91' lang='lat' dir='ltr'>autem</span> 
     </span>
     <span class='ocr_line' id='line_1_4' title="bbox 356 909 1415 1021; baseline -0.004 -21"><span class='ocrx_word' id='word_1_17' title='bbox 356 933 561 1001; x_wconf 83' lang='lat' dir='ltr'>admodum</span> <span class='ocrx_word' id='word_1_18' title='bbox 576 935 731 1020; x_wconf 87' lang='lat' dir='ltr'>reperiri</span> <span class='ocrx_word' id='word_1_19' title='bbox 750 953 864 1021; x_wconf 90' lang='lat' dir='ltr'>posse</span> <span class='ocrx_word' id='word_1_20' title='bbox 880 909 1049 1021; x_wconf 88' lang='lat' dir='ltr'>arbitror,</span> <span class='ocrx_word' id='word_1_21' title='bbox 1086 933 1151 1018; x_wconf 92' lang='lat' dir='ltr'>qui</span> <span class='ocrx_word' id='word_1_22' title='bbox 1171 929 1324 999; x_wconf 79' lang='lat' dir='ltr'>credant</span> <span class='ocrx_word' id='word_1_23' title='bbox 1339 929 1415 997; x_wconf 90' lang='lat' dir='ltr'>Cae·</span> 
     </span>
     <span class='ocr_line' id='line_1_5' title="bbox 356 1038 1414 1148; baseline -0.006 -22"><span class='ocrx_word' id='word_1_24' title='bbox 356 1077 479 1126; x_wconf 86' lang='lat' dir='ltr'>sarem</span> <span class='ocrx_word' id='word_1_25' title='bbox 495 1059 587 1126; x_wconf 88' lang='lat' dir='ltr'>nihil</span> <span class='ocrx_word' id='word_1_26' title='bbox 607 1060 769 1146; x_wconf 88' lang='lat' dir='ltr'>amplius</span> <span class='ocrx_word' id='word_1_27' title='bbox 784 1061 1149 1148; x_wconf 86' lang='lat' dir='ltr'>spectavisse,quam</span> <span class='ocrx_word' id='word_1_28' title='bbox 1169 1038 1272 1142; x_wconf 89' lang='lat' dir='ltr'>quod</span> <span class='ocrx_word' id='word_1_29' title='bbox 1286 1054 1414 1123; x_wconf 90' lang='lat' dir='ltr'>defini·</span> 
     </span>
     <span class='ocr_line' id='line_1_6' title="bbox 352 1181 1412 1271; baseline -0.003 -20"><span class='ocrx_word' id='word_1_30' title='bbox 352 1181 404 1251; x_wconf 90' lang='lat' dir='ltr'>vit</span> <span class='ocrx_word' id='word_1_31' title='bbox 423 1184 552 1252; x_wconf 89' lang='lat' dir='ltr'>Cicero</span> <span class='ocrx_word' id='word_1_32' title='bbox 568 1185 605 1251; x_wconf 93' lang='lat' dir='ltr'>in</span> <span class='ocrx_word' id='word_1_33' title='bbox 626 1185 735 1271; x_wconf 92' lang='lat' dir='ltr'>libro,</span> <span class='ocrx_word' id='word_1_34' title='bbox 753 1204 867 1270; x_wconf 92' lang='lat' dir='ltr'>quem</span> <span class='ocrx_word' id='word_1_35' title='bbox 887 1187 934 1253; x_wconf 85' lang='lat' dir='ltr'>ad</span> <span class='ocrx_word' id='word_1_36' title='bbox 949 1186 1106 1253; x_wconf 80' lang='lat' dir='ltr'>Brutum</span> <span class='ocrx_word' id='word_1_37' title='bbox 1126 1183 1167 1250; x_wconf 84' lang='lat' dir='ltr'>de</span> <span class='ocrx_word' id='word_1_38' title='bbox 1187 1182 1302 1251; x_wconf 82' lang='lat' dir='ltr'>Clorts</span> <span class='ocrx_word' id='word_1_39' title='bbox 1324 1181 1412 1250; x_wconf 83' lang='lat' dir='ltr'>Oru-</span> 
     </span>
     <span class='ocr_line' id='line_1_7' title="bbox 354 1284 1411 1398; baseline -0.004 -20"><span class='ocrx_word' id='word_1_40' title='bbox 354 1311 485 1378; x_wconf 83' lang='lat' dir='ltr'>toribus</span> <span class='ocrx_word' id='word_1_41' title='bbox 501 1308 675 1396; x_wconf 82' lang='lat' dir='ltr'>scripsit&#39;</span> <span class='ocrx_word' id='word_1_42' title='bbox 697 1331 703 1378; x_wconf 91' lang='lat'>:</span> <span class='ocrx_word' id='word_1_43' title='bbox 727 1333 743 1376; x_wconf 75' lang='lat' dir='ltr'>&lt;r</span> <span class='ocrx_word' id='word_1_44' title='bbox 769 1365 848 1378; x_wconf 90' lang='grc'><strong>......</strong></span> <span class='ocrx_word' id='word_1_45' title='bbox 871 1284 989 1379; x_wconf 83' lang='lat' dir='ltr'>voluit</span> <span class='ocrx_word' id='word_1_46' title='bbox 1008 1309 1101 1377; x_wconf 91' lang='lat' dir='ltr'>alios</span> <span class='ocrx_word' id='word_1_47' title='bbox 1117 1309 1253 1376; x_wconf 89' lang='lat' dir='ltr'>habere</span> <span class='ocrx_word' id='word_1_48' title='bbox 1272 1314 1411 1398; x_wconf 87' lang='lat' dir='ltr'>parata,</span> 
     </span>
     <span class='ocr_line' id='line_1_8' title="bbox 353 1434 1412 1523; baseline -0.005 -21"><span class='ocrx_word' id='word_1_49' title='bbox 353 1435 464 1503; x_wconf 88' lang='lat' dir='ltr'>unde</span> <span class='ocrx_word' id='word_1_50' title='bbox 476 1441 680 1523; x_wconf 77' lang='lat' dir='ltr'>sumerent,</span> <span class='ocrx_word' id='word_1_51' title='bbox 703 1437 769 1521; x_wconf 91' lang='lat' dir='ltr'>qui</span> <span class='ocrx_word' id='word_1_52' title='bbox 788 1438 925 1506; x_wconf 88' lang='lat' dir='ltr'>vellent</span> <span class='ocrx_word' id='word_1_53' title='bbox 944 1437 1109 1504; x_wconf 88' lang='lat' dir='ltr'>scribere</span> <span class='ocrx_word' id='word_1_54' title='bbox 1128 1434 1412 1502; x_wconf 73' lang='lat' dir='ltr'>historiam...»</span> 
     </span>
     <span class='ocr_line' id='line_1_9' title="bbox 353 1560 1415 1650; baseline -0.003 -20"><span class='ocrx_word' id='word_1_55' title='bbox 353 1561 421 1630; x_wconf 92' lang='lat' dir='ltr'>Cui</span> <span class='ocrx_word' id='word_1_56' title='bbox 459 1563 655 1631; x_wconf 89' lang='lat' dir='ltr'>sententiae</span> <span class='ocrx_word' id='word_1_57' title='bbox 684 1564 767 1632; x_wconf 89' lang='lat' dir='ltr'>haec</span> <span class='ocrx_word' id='word_1_58' title='bbox 796 1565 986 1632; x_wconf 89' lang='lat' dir='ltr'>simillima</span> <span class='ocrx_word' id='word_1_59' title='bbox 1013 1568 1081 1650; x_wconf 87' lang='lat' dir='ltr'>est,</span> <span class='ocrx_word' id='word_1_60' title='bbox 1115 1580 1229 1648; x_wconf 90' lang='lat' dir='ltr'>quam</span> <span class='ocrx_word' id='word_1_61' title='bbox 1261 1560 1415 1647; x_wconf 91' lang='lat' dir='ltr'>protulit</span> 
     </span>
     <span class='ocr_line' id='line_1_10' title="bbox 353 1684 1414 1776; baseline -0.005 -20"><span class='ocrx_word' id='word_1_62' title='bbox 353 1687 508 1774; x_wconf 80' lang='lat' dir='ltr'>HirtiuS,</span> <span class='ocrx_word' id='word_1_63' title='bbox 529 1688 587 1756; x_wconf 92' lang='lat' dir='ltr'>vel</span> <span class='ocrx_word' id='word_1_64' title='bbox 607 1688 640 1756; x_wconf 90' lang='lat' dir='ltr'>si</span> <span class='ocrx_word' id='word_1_65' title='bbox 655 1690 742 1774; x_wconf 90' lang='lat' dir='ltr'>quis</span> <span class='ocrx_word' id='word_1_66' title='bbox 762 1690 858 1758; x_wconf 86' lang='lat' dir='ltr'>alius</span> <span class='ocrx_word' id='word_1_67' title='bbox 884 1689 1141 1776; x_wconf 72' lang='lat' dir='ltr'>praefationem</span> <span class='ocrx_word' id='word_1_68' title='bbox 1163 1684 1414 1756; x_wconf 82' lang='lat' dir='ltr'>Commurturii</span> 
     </span>
    </p>
   </div>
   <div class='ocr_carea' id='block_1_3' title="bbox 352 1822 1443 4428">
    <p class='ocr_par' dir='ltr' id='par_1_3' title="bbox 352 1822 1443 4428">
     <span class='ocr_line' id='line_1_11' title="bbox 355 1822 1415 1914; baseline -0.002 -24"><span class='ocrx_word' id='word_1_69' title='bbox 355 1822 475 1890; x_wconf 84' lang='lat' dir='ltr'>Octavi</span> <span class='ocrx_word' id='word_1_70' title='bbox 490 1824 536 1891; x_wconf 92' lang='lat' dir='ltr'>ad</span> <span class='ocrx_word' id='word_1_71' title='bbox 552 1824 710 1895; x_wconf 91' lang='lat' dir='ltr'>Balbum</span> <span class='ocrx_word' id='word_1_72' title='bbox 727 1827 896 1913; x_wconf 89' lang='lat' dir='ltr'>scripsit:</span> <span class='ocrx_word' id='word_1_73' title='bbox 908 1851 923 1889; x_wconf 88' lang='lat'>«</span> <span class='ocrx_word' id='word_1_74' title='bbox 942 1826 1012 1907; x_wconf 90' lang='lat' dir='ltr'>Qui</span> <span class='ocrx_word' id='word_1_75' title='bbox 1026 1825 1302 1914; x_wconf 68' lang='lat' dir='ltr'>(commentarit)</span> <span class='ocrx_word' id='word_1_76' title='bbox 1325 1824 1415 1892; x_wconf 91' lang='lat' dir='ltr'>sunt</span> 
     </span>
     <span class='ocr_line' id='line_1_12' title="bbox 354 1949 1416 2037; baseline -0.001 -20"><span class='ocrx_word' id='word_1_77' title='bbox 354 1949 455 2035; x_wconf 90' lang='lat' dir='ltr'>editi,</span> <span class='ocrx_word' id='word_1_78' title='bbox 473 1966 520 2016; x_wconf 93' lang='lat' dir='ltr'>ne</span> <span class='ocrx_word' id='word_1_79' title='bbox 536 1949 693 2018; x_wconf 89' lang='lat' dir='ltr'>scientia</span> <span class='ocrx_word' id='word_1_80' title='bbox 708 1956 893 2022; x_wconf 90' lang='lat' dir='ltr'>tantarum</span> <span class='ocrx_word' id='word_1_81' title='bbox 909 1969 1035 2020; x_wconf 88' lang='lat' dir='ltr'>rerum</span> <span class='ocrx_word' id='word_1_82' title='bbox 1051 1951 1298 2037; x_wconf 83' lang='lat' dir='ltr'>scriptoribus</span> <span class='ocrx_word' id='word_1_83' title='bbox 1311 1949 1416 2017; x_wconf 89' lang='lat' dir='ltr'>dees-</span> 
     </span>
     <span class='ocr_line' id='line_1_13' title="bbox 354 2060 1412 2163; baseline 0.002 -22"><span class='ocrx_word' id='word_1_84' title='bbox 354 2079 444 2142; x_wconf 89' lang='lat' dir='ltr'>set.»</span> <span class='ocrx_word' id='word_1_85' title='bbox 455 2073 743 2161; x_wconf 89' lang='lat' dir='ltr'>Comprobanda</span> <span class='ocrx_word' id='word_1_86' title='bbox 753 2060 912 2145; x_wconf 81' lang='lat' dir='ltr'>fortasse</span> <span class='ocrx_word' id='word_1_87' title='bbox 923 2082 1051 2145; x_wconf 88' lang='lat' dir='ltr'>essent</span> <span class='ocrx_word' id='word_1_88' title='bbox 1060 2077 1246 2163; x_wconf 88' lang='lat' dir='ltr'>ejusmodi</span> <span class='ocrx_word' id='word_1_89' title='bbox 1259 2076 1412 2162; x_wconf 87' lang='lat' dir='ltr'>judicia,</span> 
     </span>
     <span class='ocr_line' id='line_1_14' title="bbox 354 2172 1415 2289; baseline 0.002 -21"><span class='ocrx_word' id='word_1_90' title='bbox 354 2201 443 2268; x_wconf 90' lang='lat' dir='ltr'>side</span> <span class='ocrx_word' id='word_1_91' title='bbox 458 2200 718 2288; x_wconf 90' lang='lat' dir='ltr'>Xenophontis</span> <span class='ocrx_word' id='word_1_92' title='bbox 733 2201 968 2289; x_wconf 71' lang='lat' dir='ltr'>Enpeditionc</span> <span class='ocrx_word' id='word_1_93' title='bbox 979 2172 1079 2271; x_wconf 34' lang='lat' dir='ltr'>&#39;lacta</span> <span class='ocrx_word' id='word_1_94' title='bbox 1094 2207 1240 2287; x_wconf 89' lang='lat' dir='ltr'>essent;</span> <span class='ocrx_word' id='word_1_95' title='bbox 1253 2202 1317 2288; x_wconf 92' lang='lat' dir='ltr'>qui</span> <span class='ocrx_word' id='word_1_96' title='bbox 1332 2220 1415 2288; x_wconf 92' lang='lat' dir='ltr'>pro·</span> 
     </span>
     <span class='ocr_line' id='line_1_15' title="bbox 352 2325 1412 2415; baseline 0.001 -22"><span class='ocrx_word' id='word_1_97' title='bbox 352 2325 449 2395; x_wconf 85' lang='lat' dir='ltr'>lecto</span> <span class='ocrx_word' id='word_1_98' title='bbox 470 2325 562 2394; x_wconf 91' lang='lat' dir='ltr'>nihil</span> <span class='ocrx_word' id='word_1_99' title='bbox 578 2327 679 2395; x_wconf 91' lang='lat' dir='ltr'>aliud</span> <span class='ocrx_word' id='word_1_100' title='bbox 695 2327 733 2394; x_wconf 92' lang='lat' dir='ltr'>in</span> <span class='ocrx_word' id='word_1_101' title='bbox 754 2328 921 2395; x_wconf 92' lang='lat' dir='ltr'>animum</span> <span class='ocrx_word' id='word_1_102' title='bbox 937 2328 1094 2415; x_wconf 84' lang='lat' dir='ltr'>induxit,</span> <span class='ocrx_word' id='word_1_103' title='bbox 1116 2328 1189 2396; x_wconf 90' lang='lat' dir='ltr'>nisi</span> <span class='ocrx_word' id='word_1_104' title='bbox 1209 2334 1249 2395; x_wconf 91' lang='lat' dir='ltr'>ut</span> <span class='ocrx_word' id='word_1_105' title='bbox 1268 2344 1412 2414; x_wconf 88' lang='lat' dir='ltr'>eorum,</span> 
     </span>
     <span class='ocr_line' id='line_1_16' title="bbox 353 2453 1415 2540; baseline 0.001 -21"><span class='ocrx_word' id='word_1_106' title='bbox 353 2457 558 2538; x_wconf 80' lang='lat' dir='ltr'>quaegesta</span> <span class='ocrx_word' id='word_1_107' title='bbox 577 2459 694 2539; x_wconf 88' lang='lat' dir='ltr'>erant,</span> <span class='ocrx_word' id='word_1_108' title='bbox 711 2453 916 2540; x_wconf 90' lang='lat' dir='ltr'>veritatem,</span> <span class='ocrx_word' id='word_1_109' title='bbox 939 2472 1027 2522; x_wconf 93' lang='lat' dir='ltr'>cum</span> <span class='ocrx_word' id='word_1_110' title='bbox 1048 2454 1159 2540; x_wconf 90' lang='lat' dir='ltr'>digna</span> <span class='ocrx_word' id='word_1_111' title='bbox 1187 2453 1221 2538; x_wconf 87' lang='lat' dir='ltr'>ei</span> <span class='ocrx_word' id='word_1_112' title='bbox 1248 2453 1415 2521; x_wconf 90' lang='lat' dir='ltr'>videren-</span> 
     </span>
     <span class='ocr_line' id='line_1_17' title="bbox 353 2579 1415 2667; baseline 0 -21"><span class='ocrx_word' id='word_1_113' title='bbox 353 2585 414 2646; x_wconf 90' lang='lat' dir='ltr'>tur</span> <span class='ocrx_word' id='word_1_114' title='bbox 428 2591 514 2663; x_wconf 86' lang='lat' dir='ltr'>quae</span> <span class='ocrx_word' id='word_1_115' title='bbox 530 2585 848 2664; x_wconf 83' lang='lat' dir='ltr'>cognoscerentur</span> <span class='ocrx_word' id='word_1_116' title='bbox 862 2580 1066 2667; x_wconf 82' lang='lat' dir='ltr'>apostoris,</span> <span class='ocrx_word' id='word_1_117' title='bbox 1078 2579 1297 2666; x_wconf 91' lang='lat' dir='ltr'>simpliciter</span> <span class='ocrx_word' id='word_1_118' title='bbox 1311 2598 1415 2647; x_wconf 91' lang='lat' dir='ltr'>enar·</span> 
     </span>
     <span class='ocr_line' id='line_1_18' title="bbox 355 2705 1414 2775; baseline 0 -3"><span class='ocrx_word' id='word_1_119' title='bbox 355 2705 472 2773; x_wconf 85' lang='lat' dir='ltr'>raudo</span> <span class='ocrx_word' id='word_1_120' title='bbox 489 2711 748 2774; x_wconf 75' lang='lat' dir='ltr'>conservaret:</span> <span class='ocrx_word' id='word_1_121' title='bbox 770 2707 867 2775; x_wconf 92' lang='lat' dir='ltr'>Illud</span> <span class='ocrx_word' id='word_1_122' title='bbox 896 2712 1020 2775; x_wconf 89' lang='lat' dir='ltr'>autem</span> <span class='ocrx_word' id='word_1_123' title='bbox 1041 2708 1086 2774; x_wconf 92' lang='lat' dir='ltr'>de</span> <span class='ocrx_word' id='word_1_124' title='bbox 1121 2706 1279 2775; x_wconf 85' lang='lat' dir='ltr'>Caesaris</span> <span class='ocrx_word' id='word_1_125' title='bbox 1310 2705 1414 2774; x_wconf 83' lang='lat' dir='ltr'>Com-</span> 
     </span>
     <span class='ocr_line' id='line_1_19' title="bbox 354 2829 1414 2918; baseline 0.002 -23"><span class='ocrx_word' id='word_1_126' title='bbox 354 2829 536 2896; x_wconf 80' lang='lat' dir='ltr'>mentariis</span> <span class='ocrx_word' id='word_1_127' title='bbox 578 2829 732 2898; x_wconf 91' lang='lat' dir='ltr'>minime</span> <span class='ocrx_word' id='word_1_128' title='bbox 767 2831 913 2918; x_wconf 88' lang='lat' dir='ltr'>credet,</span> <span class='ocrx_word' id='word_1_129' title='bbox 952 2830 1184 2916; x_wconf 85' lang='lat' dir='ltr'>quicumque</span> <span class='ocrx_word' id='word_1_130' title='bbox 1222 2831 1414 2917; x_wconf 84' lang='lat' dir='ltr'>ingenium</span> 
     </span>
     <span class='ocr_line' id='line_1_20' title="bbox 355 2955 1414 3044; baseline 0 -21"><span class='ocrx_word' id='word_1_131' title='bbox 355 2955 520 3023; x_wconf 91' lang='lat' dir='ltr'>hominis</span> <span class='ocrx_word' id='word_1_132' title='bbox 540 2961 576 3024; x_wconf 86' lang='lat' dir='ltr'>et</span> <span class='ocrx_word' id='word_1_133' title='bbox 593 2957 706 3024; x_wconf 87' lang='lat' dir='ltr'>vitam</span> <span class='ocrx_word' id='word_1_134' title='bbox 723 2957 883 3030; x_wconf 82' lang='lat' dir='ltr'>noverit:</span> <span class='ocrx_word' id='word_1_135' title='bbox 906 2975 952 3025; x_wconf 92' lang='lat' dir='ltr'>ne</span> <span class='ocrx_word' id='word_1_136' title='bbox 974 2957 1046 3043; x_wconf 88' lang='lat' dir='ltr'>ipsi</span> <span class='ocrx_word' id='word_1_137' title='bbox 1066 2957 1233 3044; x_wconf 90' lang='lat' dir='ltr'>quidem,</span> <span class='ocrx_word' id='word_1_138' title='bbox 1251 2973 1414 3042; x_wconf 92' lang='lat' dir='ltr'>quorum</span> 
     </span>
     <span class='ocr_line' id='line_1_21' title="bbox 355 3081 1415 3170; baseline 0.001 -20"><span class='ocrx_word' id='word_1_139' title='bbox 355 3083 460 3151; x_wconf 91' lang='lat' dir='ltr'>locos</span> <span class='ocrx_word' id='word_1_140' title='bbox 480 3081 685 3169; x_wconf 78' lang='lat' dir='ltr'>attulimuS,</span> <span class='ocrx_word' id='word_1_141' title='bbox 703 3082 831 3152; x_wconf 88' lang='lat' dir='ltr'>Cicero</span> <span class='ocrx_word' id='word_1_142' title='bbox 847 3088 883 3150; x_wconf 92' lang='lat' dir='ltr'>et</span> <span class='ocrx_word' id='word_1_143' title='bbox 903 3083 1045 3170; x_wconf 85' lang='lat' dir='ltr'>Hirtius</span> <span class='ocrx_word' id='word_1_144' title='bbox 1065 3083 1324 3169; x_wconf 89' lang='lat' dir='ltr'>crediderunt;</span> <span class='ocrx_word' id='word_1_145' title='bbox 1347 3083 1415 3151; x_wconf 90' lang='lat' dir='ltr'>sed</span> 
     </span>
     <span class='ocr_line' id='line_1_22' title="bbox 355 3202 1416 3295; baseline -0.002 -18"><span class='ocrx_word' id='word_1_146' title='bbox 355 3227 441 3294; x_wconf 89' lang='lat' dir='ltr'>quae</span> <span class='ocrx_word' id='word_1_147' title='bbox 462 3208 609 3276; x_wconf 83' lang='lat' dir='ltr'>devoro</span> <span class='ocrx_word' id='word_1_148' title='bbox 626 3202 784 3277; x_wconf 84' lang='lat' dir='ltr'>Caesaris</span> <span class='ocrx_word' id='word_1_149' title='bbox 804 3209 963 3277; x_wconf 90' lang='lat' dir='ltr'>consilio</span> <span class='ocrx_word' id='word_1_150' title='bbox 977 3209 1035 3277; x_wconf 89' lang='lat' dir='ltr'>vel</span> <span class='ocrx_word' id='word_1_151' title='bbox 1051 3208 1340 3295; x_wconf 88' lang='lat' dir='ltr'>suspicabantur</span> <span class='ocrx_word' id='word_1_152' title='bbox 1357 3208 1416 3277; x_wconf 91' lang='lat' dir='ltr'>vel</span> 
     </span>
     <span class='ocr_line' id='line_1_23' title="bbox 356 3334 1415 3421; baseline 0.003 -19"><span class='ocrx_word' id='word_1_153' title='bbox 356 3338 458 3403; x_wconf 90' lang='lat' dir='ltr'>certo</span> <span class='ocrx_word' id='word_1_154' title='bbox 479 3334 660 3420; x_wconf 85' lang='lat' dir='ltr'>sciebant,</span> <span class='ocrx_word' id='word_1_155' title='bbox 682 3351 726 3402; x_wconf 92' lang='lat' dir='ltr'>ea</span> <span class='ocrx_word' id='word_1_156' title='bbox 741 3334 1084 3420; x_wconf 90' lang='lat' dir='ltr'>dissimulaverunt,</span> <span class='ocrx_word' id='word_1_157' title='bbox 1106 3334 1179 3421; x_wconf 90' lang='lat' dir='ltr'>hic,</span> <span class='ocrx_word' id='word_1_158' title='bbox 1200 3340 1242 3403; x_wconf 91' lang='lat' dir='ltr'>ut</span> <span class='ocrx_word' id='word_1_159' title='bbox 1257 3335 1415 3405; x_wconf 89' lang='lat' dir='ltr'>Caesaris</span> 
     </span>
     <span class='ocr_line' id='line_1_24' title="bbox 357 3459 1415 3546; baseline 0.004 -20"><span class='ocrx_word' id='word_1_160' title='bbox 357 3459 560 3543; x_wconf 88' lang='lat' dir='ltr'>silentium,</span> <span class='ocrx_word' id='word_1_161' title='bbox 582 3459 620 3526; x_wconf 93' lang='lat' dir='ltr'>in</span> <span class='ocrx_word' id='word_1_162' title='bbox 641 3459 751 3544; x_wconf 88' lang='lat' dir='ltr'>cujus</span> <span class='ocrx_word' id='word_1_163' title='bbox 774 3459 943 3546; x_wconf 89' lang='lat' dir='ltr'>partibus</span> <span class='ocrx_word' id='word_1_164' title='bbox 963 3460 1093 3546; x_wconf 86' lang='lat' dir='ltr'>fuerat,</span> <span class='ocrx_word' id='word_1_165' title='bbox 1118 3459 1261 3528; x_wconf 91' lang='lat' dir='ltr'>eisdem</span> <span class='ocrx_word' id='word_1_166' title='bbox 1289 3463 1415 3530; x_wconf 87' lang='lat' dir='ltr'>causis</span> 
     </span>
     <span class='ocr_line' id='line_1_25' title="bbox 356 3585 1415 3674; baseline 0.003 -21"><span class='ocrx_word' id='word_1_167' title='bbox 356 3590 550 3672; x_wconf 90' lang='lat' dir='ltr'>permotus</span> <span class='ocrx_word' id='word_1_168' title='bbox 561 3585 779 3671; x_wconf 87' lang='lat' dir='ltr'>imitaretur,</span> <span class='ocrx_word' id='word_1_169' title='bbox 796 3586 869 3672; x_wconf 91' lang='lat' dir='ltr'>ille,</span> <span class='ocrx_word' id='word_1_170' title='bbox 883 3604 929 3654; x_wconf 89' lang='lat' dir='ltr'>ne</span> <span class='ocrx_word' id='word_1_171' title='bbox 944 3585 1022 3654; x_wconf 90' lang='lat' dir='ltr'>viro</span> <span class='ocrx_word' id='word_1_172' title='bbox 1038 3592 1130 3672; x_wconf 93' lang='lat' dir='ltr'>tum,</span> <span class='ocrx_word' id='word_1_173' title='bbox 1148 3604 1236 3653; x_wconf 88' lang='lat' dir='ltr'>cum</span> <span class='ocrx_word' id='word_1_174' title='bbox 1252 3588 1415 3674; x_wconf 89' lang='lat' dir='ltr'>scriptus</span> 
     </span>
     <span class='ocr_line' id='line_1_26' title="bbox 356 3709 1415 3798; baseline 0.003 -20"><span class='ocrx_word' id='word_1_175' title='bbox 356 3710 426 3778; x_wconf 83' lang='lat' dir='ltr'>fuit</span> <span class='ocrx_word' id='word_1_176' title='bbox 440 3710 534 3778; x_wconf 91' lang='lat' dir='ltr'>liber</span> <span class='ocrx_word' id='word_1_177' title='bbox 549 3709 589 3776; x_wconf 85' lang='lat' dir='ltr'>dc</span> <span class='ocrx_word' id='word_1_178' title='bbox 608 3709 724 3778; x_wconf 85' lang='lat' dir='ltr'>Cluris</span> <span class='ocrx_word' id='word_1_179' title='bbox 746 3711 951 3778; x_wconf 81' lang='lat' dir='ltr'>Oratoribus</span> <span class='ocrx_word' id='word_1_180' title='bbox 967 3712 1013 3779; x_wconf 91' lang='lat' dir='ltr'>ad</span> <span class='ocrx_word' id='word_1_181' title='bbox 1028 3711 1197 3798; x_wconf 88' lang='lat' dir='ltr'>Brutum,</span> <span class='ocrx_word' id='word_1_182' title='bbox 1215 3711 1253 3779; x_wconf 96' lang='lat' dir='ltr'>in</span> <span class='ocrx_word' id='word_1_183' title='bbox 1270 3713 1415 3781; x_wconf 88' lang='lat' dir='ltr'>civitate</span> 
     </span>
     <span class='ocr_line' id='line_1_27' title="bbox 355 3835 1413 3924; baseline 0.003 -23"><span class='ocrx_word' id='word_1_184' title='bbox 355 3835 464 3920; x_wconf 89' lang='lat' dir='ltr'>longe</span> <span class='ocrx_word' id='word_1_185' title='bbox 499 3835 660 3922; x_wconf 89' lang='lat' dir='ltr'>principi</span> <span class='ocrx_word' id='word_1_186' title='bbox 700 3855 744 3904; x_wconf 87' lang='lat' dir='ltr'>ac</span> <span class='ocrx_word' id='word_1_187' title='bbox 783 3840 927 3903; x_wconf 89' lang='lat' dir='ltr'>tantum</span> <span class='ocrx_word' id='word_1_188' title='bbox 967 3854 1043 3903; x_wconf 94' lang='lat' dir='ltr'>non</span> <span class='ocrx_word' id='word_1_189' title='bbox 1083 3835 1159 3920; x_wconf 90' lang='lat' dir='ltr'>regi</span> <span class='ocrx_word' id='word_1_190' title='bbox 1188 3835 1413 3924; x_wconf 91' lang='lat' dir='ltr'>displiceret,</span> 
     </span>
     <span class='ocr_line' id='line_1_28' title="bbox 353 3960 1414 4048; baseline 0.003 -19"><span class='ocrx_word' id='word_1_191' title='bbox 353 3960 681 4046; x_wconf 81' lang='lat' dir='ltr'>offensionemque</span> <span class='ocrx_word' id='word_1_192' title='bbox 693 3962 890 4048; x_wconf 89' lang='lat' dir='ltr'>exciperet,</span> <span class='ocrx_word' id='word_1_193' title='bbox 908 3962 940 4030; x_wconf 88' lang='lat' dir='ltr'>si</span> <span class='ocrx_word' id='word_1_194' title='bbox 951 3961 1212 4048; x_wconf 82' lang='lat' dir='ltr'>cogitationem</span> <span class='ocrx_word' id='word_1_195' title='bbox 1223 3963 1414 4048; x_wconf 85' lang='lat' dir='ltr'>propalam</span> 
     </span>
     <span class='ocr_line' id='line_1_29' title="bbox 352 4086 1413 4174; baseline 0.006 -21"><span class='ocrx_word' id='word_1_196' title='bbox 352 4086 626 4172; x_wconf 86' lang='lat' dir='ltr'>explicavisset,</span> <span class='ocrx_word' id='word_1_197' title='bbox 637 4107 751 4172; x_wconf 90' lang='lat' dir='ltr'>quam</span> <span class='ocrx_word' id='word_1_198' title='bbox 767 4089 828 4156; x_wconf 91' lang='lat' dir='ltr'>ille</span> <span class='ocrx_word' id='word_1_199' title='bbox 848 4107 924 4157; x_wconf 94' lang='lat' dir='ltr'>non</span> <span class='ocrx_word' id='word_1_200' title='bbox 940 4088 1202 4174; x_wconf 89' lang='lat' dir='ltr'>divulgandam</span> <span class='ocrx_word' id='word_1_201' title='bbox 1219 4090 1413 4160; x_wconf 88' lang='lat' dir='ltr'>sensisset.</span> 
     </span>
     <span class='ocr_line' id='line_1_30' title="bbox 354 4212 1417 4304; baseline 0.007 -24"><span class='ocrx_word' id='word_1_202' title='bbox 354 4212 636 4299; x_wconf 51' lang='lat' dir='ltr'>intellegebant¹</span> <span class='ocrx_word' id='word_1_203' title='bbox 656 4213 767 4299; x_wconf 89' lang='lat' dir='ltr'>igitur</span> <span class='ocrx_word' id='word_1_204' title='bbox 791 4219 948 4299; x_wconf 87' lang='lat' dir='ltr'>uterque</span> <span class='ocrx_word' id='word_1_205' title='bbox 972 4231 1103 4282; x_wconf 90' lang='lat' dir='ltr'>eorum</span> <span class='ocrx_word' id='word_1_206' title='bbox 1133 4213 1319 4286; x_wconf 88' lang='lat' dir='ltr'>Caesarem</span> <span class='ocrx_word' id='word_1_207' title='bbox 1339 4237 1417 4304; x_wconf 89' lang='lat' dir='ltr'>gra·</span> 
     </span>
     <span class='ocr_line' id='line_1_31' title="bbox 352 4338 1443 4428; baseline 0.008 -24"><span class='ocrx_word' id='word_1_208' title='bbox 352 4338 494 4407; x_wconf 89' lang='lat' dir='ltr'>viorem</span> <span class='ocrx_word' id='word_1_209' title='bbox 511 4339 715 4423; x_wconf 87' lang='lat' dir='ltr'>quamdam</span> <span class='ocrx_word' id='word_1_210' title='bbox 736 4340 931 4408; x_wconf 89' lang='lat' dir='ltr'>utilitatem</span> <span class='ocrx_word' id='word_1_211' title='bbox 952 4339 1105 4424; x_wconf 87' lang='lat' dir='ltr'>assequi</span> <span class='ocrx_word' id='word_1_212' title='bbox 1119 4339 1298 4428; x_wconf 88' lang='lat' dir='ltr'>voluisse,</span> <span class='ocrx_word' id='word_1_213' title='bbox 1320 4361 1418 4412; x_wconf 90' lang='lat' dir='ltr'>eam·</span> <span class='ocrx_word' id='word_1_214' title='bbox 1439 4344 1443 4350; x_wconf 85' lang='lat'>&#39;</span> 
     </span>
    </p>
   </div>
   <div class='ocr_carea' id='block_1_4' title="bbox 379 4577 513 4644">
    <p class='ocr_par' dir='ltr' id='par_1_4' title="bbox 379 4577 513 4644">
     <span class='ocr_line' id='line_1_32' title="bbox 379 4577 513 4644; baseline 0.015 -16"><span class='ocrx_word' id='word_1_215' title='bbox 379 4577 446 4644; x_wconf 80' lang='lat'>²75,</span> <span class='ocrx_word' id='word_1_216' title='bbox 461 4577 513 4630; x_wconf 79' lang='lat' dir='ltr'>rra</span> 
     </span>
    </p>
   </div>
   <div class='ocr_carea' id='block_1_5' title="bbox 0 0 1585 5168">
    <p class='ocr_par' dir='ltr' id='par_1_5' title="bbox 0 0 1585 5168">
     <span class='ocr_line' id='line_1_33' title="bbox 0 0 1585 5168; baseline 0 0"><span class='ocrx_word' id='word_1_217' title='bbox 0 0 1585 5168; x_wconf 95' lang='lat' dir='ltr'> </span> 
     </span>
    </p>
   </div>
  </div>
 </body>
</html>
