3152 5168
757 538 934 610 ...32-

321 697 481 785 negabit.
514 697 633 782 Quam
653 705 922 792 auctoritatem,
958 703 1127 773 simodo
1159 705 1377 775 auctoritate

318 825 394 892 ulla
412 825 491 894 viro
506 829 807 912 praestantissimi
826 830 965 917 ingenii
984 848 1080 916 opus
1095 835 1184 917 erat,
1197 831 1235 900 id
1249 831 1374 919 ipsum

318 950 518 1019 consilium
539 952 756 1022 hortabatur
781 972 868 1023 eum
888 960 929 1023 ut
948 961 1179 1043 sequeretur,
1192 975 1268 1042 quo
1288 975 1376 1026 con·

262 1093 266 1102 ·
318 1077 402 1145 silio
422 1079 468 1146 ad
500 1078 588 1147 belli
617 1080 746 1148 Gallici
779 1100 840 1149 res
873 1082 1154 1168 componendas
1187 1083 1375 1169 impulsus

317 1209 406 1288 erat,
424 1222 558 1291 nempe
587 1224 663 1274 non
682 1210 758 1274 tam
787 1213 828 1274 ut
846 1224 988 1275 meram
1007 1208 1198 1277 veritatem
1213 1212 1373 1295 posteris

316 1329 488 1416 traderet,
510 1349 623 1415 quam
644 1336 685 1399 ut
702 1332 829 1418 gloriae
863 1351 943 1400 suae
963 1333 1100 1401 laverat
1118 1334 1213 1401 facta
1246 1353 1315 1402 sua
1333 1335 1371 1400 in

315 1455 416 1523 clara
435 1454 519 1524 luce
539 1456 785 1543 collocand03
811 1475 887 1543 qua
912 1458 958 1526 de
982 1476 1144 1526 renunc
1172 1459 1209 1526 in
1235 1476 1279 1527 eo
1301 1464 1369 1547 est,

315 1585 358 1648 ut
377 1579 625 1666 disputemus.
656 1581 835 1651 Eamdem
866 1582 1033 1669 prolecto
1061 1584 1244 1652 rationem
1268 1585 1372 1653 inivit

315 1723 359 1774 ao
373 1705 517 1792 priores
537 1725 662 1775 rerum
683 1709 884 1794 scriptores
912 1709 951 1776 in
971 1709 1242 1795 componendis
1257 1709 1371 1778 unius

314 1832 461 1919 generis
493 1833 738 1920 orationibus,
760 1853 823 1902 eas
840 1834 937 1920 dico,
968 1833 1173 1920 dequibus
1202 1835 1372 1922 exiguam

315 1962 426 2043 atque
445 1958 625 2026 incertam
645 1958 837 2027 notionem
853 1965 1062 2045 acceperat;
1079 1977 1192 2044 quam
1211 1962 1371 2047 propriis

314 2085 395 2171 ipse
413 2084 676 2152 additamentis
691 2085 832 2171 saepius
852 2085 953 2152 auxit
971 2090 1007 2153 et
1034 2085 1209 2176 dilatavit,
1231 2086 1370 2154 nedum

314 2210 353 2276 in
372 2228 416 2278 ea
444 2227 485 2278 se
507 2209 732 2296 contineret;
758 2209 931 2296 inspiciat
952 2209 1205 2298 potissimum,
1226 2210 1259 2278 si
1285 2211 1369 2296 quis

313 2335 503 2404 luculente
532 2352 760 2422 cognoscere
785 2334 875 2421 vult,
901 2340 1042 2420 quanta
1066 2334 1177 2405 fuerit
1198 2335 1281 2403 lraec
1305 2335 1370 2402 fin-

313 2461 425 2547 gendi
440 2460 602 2547 licentia,
618 2466 698 2529 tum
719 2461 919 2547 orationes²
941 2478 1027 2545 quae
1047 2461 1084 2528 in
1101 2460 1196 2529 libro
1212 2461 1370 2547 septimo

312 2586 602 2674 Vercingetorigi
623 2587 807 2655 attributae
837 2591 936 2673 sunt,
971 2591 1052 2654 tum
1084 2587 1244 2655 maxime
1270 2588 1370 2656 illam

314 2711 515 2800 Critognati
531 2713 751 2799 orationem,
775 2729 890 2798 quam
909 2711 1068 2798 exempli
1088 2711 1203 2798 gratia
1215 2711 1292 2798 Jam
1311 2731 1371 2780 su-

312 2857 380 2926 pra
394 2838 697 2906 memoravimus
716 2837 807 2918 Quae
826 2855 887 2905 res
903 2835 1036 2904 ceteris
1052 2838 1281 2922 argumentis
1296 2841 1372 2905 tan·

312 2967 395 3031 tum
414 2964 562 3033 roboris
581 2962 719 3049 adjicit,
740 2967 783 3030 ut
801 2979 1026 3049 persuasum
1047 2961 1157 3030 nobis
1187 2962 1235 3030 sit
1255 2962 1373 3031 Caesa-

312 3107 393 3158 rem
413 3090 546 3158 eodem
566 3089 679 3158 modo
695 3088 902 3174 eademque
921 3087 1088 3155 libertate
1108 3086 1260 3156 alterius
1280 3107 1371 3175 quo-

314 3233 388 3301 que
420 3215 566 3302 generis
593 3214 780 3283 orationes
809 3212 1095 3299 conscripsisse,
1123 3231 1187 3281 eas
1214 3213 1368 3301 scilicet,

313 3358 475 3427 quarum
508 3340 712 3409 sententias
740 3357 873 3407 omnes
906 3342 1140 3425 cognoverat,
1171 3355 1294 3424 neque
1327 3358 1370 3409 ea

312 3464 485 3533 facultate
514 3469 729 3532 constanter
756 3479 869 3531 usum
885 3479 981 3548 esse,
1004 3479 1090 3546 quae
1109 3478 1370 3548 saepenumero
1419 3511 1421 3516 .

313 3591 394 3677 fuit,
413 3590 605 3658 veritatem
635 3590 846 3658 orationum
872 3586 1041 3656 tradendi
1061 3587 1224 3673 exceptis
1245 3586 1369 3655 solum

313 3716 427 3784 modo
445 3715 581 3785 verbis.
600 3715 729 3800 ltaque
749 3713 954 3782 admodum
969 3711 1146 3780 credibile
1161 3715 1229 3796 est,
1247 3729 1294 3779 ne
1314 3710 1371 3779 di-

314 3860 396 3910 cam
413 3842 566 3911 omnino
587 3846 743 3928 certum,
766 3840 951 3910 Caesarem
979 3836 1107 3905 multis
1131 3836 1169 3902 in
1192 3835 1369 3903 orationi-

312 3968 482 4036 bus‘non
511 3986 554 4035 ea
573 3967 758 4051 retulisse,
780 3983 866 4050 quae
881 3962 1113 4046 meminerat,
1134 3961 1202 4028 sed
1221 3977 1369 4045 eaquae

313 4109 401 4159 cum
424 4092 615 4179 proposito
640 4109 710 4160 suo
735 4089 874 4176 optime
897 4085 1097 4154 convenire
1116 4084 1368 4170 intellegebat;

313 4233 390 4285 non
409 4235 464 4304 ea,
477 4235 563 4304 quae
578 4216 677 4284 dicta
690 4215 848 4300 fuerant,
869 4211 937 4280 sed
952 4228 1095 4296 eaquae
1110 4209 1257 4278 volebat
1278 4209 1372 4277 exis-

316 4341 440 4411 timeri
460 4342 558 4412 dicta
572 4341 701 4410 fuisse.
