3168 5180
647 556 824 624 -g5..

205 724 369 793 erexisse
389 727 500 808 atque
525 721 808 790 confirmavisse
835 721 957 807 refert,
978 739 1045 808 per
1067 721 1268 810 interroga-

204 850 345 920 tionem
370 849 557 917 enuntiat:
585 847 785 936 «Quodsi
810 846 935 917 furore
969 853 1080 932 atque
1106 849 1267 917 amentia

206 977 437 1063 «impulsus
473 975 616 1043 bellum
657 975 847 1042 intulisset
885 974 1132 1060 (Ariovistus),
1175 975 1267 1061 qnid

208 1125 224 1168 r
250 1102 401 1171 tandem
424 1101 672 1168 vererentur‘.l
696 1105 847 1168 auteur
873 1101 1013 1168 desua
1040 1101 1175 1168 virtute
1203 1105 1269 1169 aut

208 1252 225 1290 «
250 1228 296 1296 de
319 1227 440 1314 ipsius
467 1226 656 1312 diligentia
680 1225 965 1313 desperarenil‘?
985 1250 1002 1287 »
1029 1225 1268 1312 Magnificen-

101 1397 103 1404 -
206 1353 294 1421 tiam
313 1372 402 1422 vero
425 1353 511 1439 stili,
534 1371 617 1420 eam
636 1352 802 1438 quidem,
820 1371 906 1438 quae
930 1369 974 1420 ex
996 1351 1266 1420 sententiarum

207 1478 435 1547 sublimitate
468 1479 586 1564 magis
619 1495 734 1563 quam
767 1496 812 1545 ex
850 1482 1028 1564 apparatu
1065 1477 1267 1550 verborum

206 1609 364 1692 constat,
385 1606 566 1692 praeclaro
582 1604 752 1690 exemplo
773 1603 1006 1671 demonstrat
1021 1603 1129 1670 loeus
1149 1602 1211 1671 hio
1223 1622 1268 1671 ex

205 1749 250 1798 ea
268 1731 436 1799 oratione
456 1735 666 1815 excerptus,
687 1746 763 1813 qua
783 1727 908 1796 Caesar
926 1727 1096 1797 Diviuoni
1111 1746 1268 1815 respon-

206 1856 285 1924 det:
311 1877 328 1922 <r
350 1856 564 1925 Consuesse
584 1855 685 1923 enim
712 1853 804 1921 deos
825 1853 1069 1941 immortales,
1092 1873 1168 1941 quo
1189 1872 1268 1940 gra-

207 2005 224 2045 «
248 1981 332 2048 vius
351 1980 525 2050 homines
554 1997 599 2046 ex
627 1979 921 2047 commutatione
954 1997 1080 2048 rerum
1101 1980 1265 2063 doleant,

207 2130 224 2168 «
248 2124 346 2191 quos
365 2123 433 2191 pro
453 2105 594 2173 scelere
614 2122 746 2172 eorum
762 2103 895 2172 uloisoi
909 2103 1036 2189 velint,
1053 2102 1113 2172 his
1133 2122 1267 2172 seeun-

207 2255 223 2293 «
248 2231 373 2299 diores
397 2228 585 2297 interdum
604 2247 665 2296 res
689 2233 725 2296 et
757 2228 1030 2297 diuturniorem
1064 2229 1267 2316 impunita-

206 2377 223 2417 «
246 2358 322 2422 tem
335 2349 573 2422 concedere².
591 2375 607 2412 »
625 2351 809 2420 Praeterea
822 2352 906 2420 haee
921 2351 1039 2420 oratio
1055 2356 1132 2420 tota
1146 2352 1268 2439 digni-

204 2480 289 2548 tatis
313 2483 371 2547 est
398 2484 509 2564 atque
536 2478 651 2546 animi
673 2478 898 2546 excelsitatis
932 2483 968 2546 et
993 2480 1266 2566 magnitudinis

203 2606 332 2692 plena;
354 2604 494 2690 quihus
507 2604 707 2672 virtutibus
723 2622 856 2672 omnes
871 2603 947 2673 iere
963 2624 984 2672 a
1000 2605 1147 2674 Caesare
1162 2605 1267 2674 habi·

204 2735 252 2798 tae
267 2729 469 2814 orationeS,
486 2729 659 2814 quamvis
679 2734 845 2796 nontam
866 2730 1010 2817 egregie
1026 2730 1263 2818 splendeant,

204 2855 518 2926 commendantur
538 2859 674 2921 tamen.
700 2855 951 2923 Barbarorum
974 2860 1099 2924 autem
1128 2857 1266 2925 oratio·

203 2982 316 3051 nibus
342 2980 548 3067 gloriosum
569 2980 771 3064 quemdam
794 2981 959 3048 colorem
989 2999 1265 3068 nonnunquam

189 3098 349 3167 'inducit
357 3097 419 3183 ita,
433 3100 474 3164 ut
482 3115 550 3182 pro
565 3095 769 3184 grandibus
785 3097 919 3165 tumidi
933 3098 1147 3184 videantur,
1164 3099 1268 3166 velut

203 3224 268 3292 uhi
288 3221 475 3304 Germani,
497 3222 562 3306 qni
585 3226 689 3289 trans
709 3221 883 3290 Rhenum
899 3222 936 3289 in
971 3222 1127 3291 Galliam
1147 3229 1268 3316 trans-

202 3351 337 3434 ierunt,
358 3347 459 3433 apud
478 3364 565 3414 eum
603 3352 819 3414 asseverant
839 3343 875 3414 ³:
906 3369 922 3412 <t
945 3347 1035 3416 Sese
1069 3350 1156 3417 unis
1176 3350 1267 3419 Sue·

204 3500 221 3537 «
241 3474 301 3543 bis
320 3472 541 3557 concedere,
559 3472 699 3557 quibus
715 3489 761 3539 ne
786 3472 837 3539 dii
857 3473 1011 3558 quidem
1032 3474 1265 3546 immortales

205 3625 221 3662 «
242 3616 351 3687 pares
378 3615 463 3665 esse
484 3597 647 3683 possint;
678 3597 866 3683 reliquum
900 3599 1054 3683 quidem
1083 3601 1121 3667 in
1155 3605 1265 3671 terris

204 3752 221 3789 «
242 3743 327 3794 esse
355 3723 557 3809 neminem,
587 3741 701 3809 quem
743 3742 819 3791 non
840 3743 1017 3810 superare
1038 3728 1185 3812 possint
1222 3751 1263 3816 »3

202 3856 266 3919 aut
284 3850 349 3918 ubi
376 3849 664 3935 Vercingetorirr,
686 3854 772 3935 post
787 3849 930 3918 Avarici
950 3854 1263 3939 expugnationem

202 3982 314 4062 atque
333 3976 493 4059 ruinam,
516 3992 563 4041 ne
579 3993 620 4042 se
640 3974 733 4043 Galli
758 3963 964 4044 admodum
988 3978 1113 4047 auimo
1135 3980 1264 4048 demit·

202 4106 292 4187 tant,
314 4099 513 4169 oonlirmat
528 4105 593 4168 se*
629 4123 646 4161 «
661 4118 782 4167 unum
804 4102 1006 4170 eonsilium
1035 4104 1149 4172 totius
1178 4105 1263 4174 Gal-

202 4254 220 4289 «
241 4227 301 4295 liae
316 4212 549 4311 effecturum,
572 4225 682 4310 eujus
697 4228 902 4295 consensui
923 4247 970 4296 ne
991 4229 1092 4297 orbis
1108 4232 1261 4316 quidem

205 4381 221 4416 «
241 4327 422 4424 terrarum
447 4353 568 4438 possit
587 4352 781 4421 obsistere.
806 4377 822 4415 »
840 4355 1031 4424 sinceram
1060 4362 1183 4426 tamen
1209 4359 1261 4427 di·

230 4604 273 4665 11,
290 4602 326 4663 40,
341 4602 363 4654 4,
379 4602 431 4640 -2
451 4601 470 4660 Ι,
487 4599 521 4660 ll,
537 4602 557 4651 5.
577 4601 689 4663 -ilv,
705 4601 727 4663 7,
742 4604 766 4654 5.
784 4631 809 4642 -
826 4604 835 4638 i
850 4603 908 4664 Vll,
923 4604 958 4664 29,
973 4604 994 4656 6,
