875 1392
416 180 505 198 „80-

196 220 284 242 gnatione
291 222 363 243 purgaty
374 225 417 242 quae
427 226 461 243 pro
468 221 514 243 grati
521 220 578 238 animi
587 221 657 238 indicio
666 221 725 239 haud-

194 256 290 273 quaquam
296 252 360 269 haberi
368 254 439 274 potest:
451 253 531 270 invitum
539 252 607 269 fecisse
621 257 642 269 se
652 257 725 270 asseve-

193 284 227 305 rat,
234 284 301 300 coactu
311 283 396 305 civitatis,
405 288 467 305 neque
477 284 571 301 civitatem
585 285 652 305 sponte
664 289 699 301 sua
706 286 725 301 et

193 314 288 332 voluntate
304 315 374 332 bellum
382 315 497 337 suscepisse,
513 315 546 332 sed
560 315 611 336 quod
621 315 724 337 repentinae

193 345 289 363 Gallorum
301 346 426 368 conjurationi
443 347 530 364 resistere
543 351 581 363 non
595 347 682 368 potuerit.
698 347 724 364 Ea

193 378 328 399 conjurationis
345 378 440 395 mentione
454 378 554 395 transitum
564 378 587 395 ad
598 378 724 396 confirmatio-

192 413 236 426 nem
240 410 298 431 parat,
304 409 393 430 Quamvis
397 414 441 427 vero
447 414 522 431 sperare
528 409 589 431 possit
593 409 655 431 sejam
662 410 723 432 suspi-

192 440 267 458 cionem
273 441 344 458 fraudis
353 441 460 462 sustulisse,
466 441 575 458 etiamnunc
580 442 643 458 tamen
651 441 674 458 de
681 446 723 463 pro-

191 472 285 493 positione
290 473 344 494 taeet,
350 477 374 489 ne
380 473 485 489 castrorum
490 472 578 494 desertio,
582 473 602 489 ut
607 477 645 489 non
650 472 722 494 perieu-

191 503 238 525 losa,
246 503 272 520 ita
279 503 350 520 inutilis
363 504 418 525 atque
430 503 489 525 turpis
499 503 588 521 videatur.
604 503 649 521 Eam
659 504 720 526 igitur,

191 535 302 556 priusquam
312 539 350 552 uno
366 535 424 552 verbo
436 535 518 556 attingat,
529 535 640 552 necessitate
650 535 722 557 injungi

190 566 314 588 comprobare
321 566 366 583 vult.
374 565 501 586 Quamobrem
511 565 564 588 fingit
569 570 671 584 commune
677 571 721 584 con-

191 597 255 614 silium
260 602 270 614 a
277 597 334 614 Gallis
340 597 406 614 initum
411 601 460 619 esse,
464 598 485 614 ut
490 597 554 614 omnia
558 597 638 614 Caesaris
643 597 721 614 hiberna

190 630 320 651 oppugnarent
333 629 391 650 idque
404 628 472 646 eodem
482 628 552 650 ubique
561 629 591 646 die
607 628 666 650 fieret,
678 635 686 644 α
696 633 720 646 ne

191 666 199 676 κ
210 665 248 682 qua
257 660 304 682 legio
313 660 375 677 alterae
385 660 454 681 legioni
462 660 547 677 subsidio
554 660 618 677 venire
625 661 700 682 pusset;
710 666 719 675 n

189 693 280 714 praeterea
290 698 298 708 α
309 696 396 713 magnam
406 696 483 709 manum
493 691 629 709 Germanorum
640 691 722 709 condue-

191 731 199 740 ιι
209 726 247 742 tam
260 725 347 742 Rhenum
359 724 450 741 transisse
459 729 463 745 ;
478 724 527 741 hanc
537 724 594 741 ass'ore
604 724 668 741 biduo.
676 730 684 740 n
695 724 721 741 Ea

190 761 234 773 cum
248 756 274 773 ita
288 756 331 777 sint,
346 755 392 777 quid
408 755 496 777 proponit
504 755 606 777 Ambiorix,
617 756 646 773 vel
658 755 721 777 potius

189 789 276 810 precatur
283 788 292 805 ‘2
302 795 310 804 ιι
321 788 403 809 Monere,
418 792 471 805 orare
485 788 576 805 Titurium
588 792 621 810 pro
632 788 720 810 hospitio,

190 826 198 836 α
210 821 230 837 ut
243 824 283 837 suae
293 824 315 837 ac
325 819 405 837 militurn
421 819 476 836 saluti
489 819 581 836 consulat.
597 825 605 835 v
623 819 657 836 His
670 819 721 836 enim

189 851 252 868 verbis
261 851 322 873 primo
336 851 398 873 prodit
407 851 516 872 propositio,
527 851 597 872 quihus
611 852 630 867 et
639 851 721 868 necessi-

189 884 217 900 tas
226 883 253 900 rei
263 882 368 900 declaratur
378 883 395 899 et
408 882 484 899 infamia
500 882 577 904 tegitur;
594 882 651 904 paulo
666 882 719 903 infra,

189 914 235 936 quid
258 914 387 931 Romanorum
402 913 469 930 salutis
489 918 547 930 causa
563 913 671 930 faciendum
689 914 719 935 sit,

190 947 258 963 clai-ius
268 945 343 967 exponit
357 945 465 962 Ambiorix:
477 951 485 961 α
496 945 583 966 Ipsorum
599 949 642 962 esse
659 945 721 962 cousi-

191 984 198 992 «
211 978 261 999 liumy
280 977 362 994 velintne
380 976 442 998 prius,
462 980 519 997 quam
538 976 612 993 finitimi
628 976 719 997 sentiant,

191 1016 198 1023 κ
209 1009 287 1026 eductos
297 1013 319 1026 ex
328 1007 413 1025 hibernis
421 1007 490 1024 milites
499 1007 561 1025 autad
569 1007 679 1025 Ciceronem
689 1008 721 1024 aut

191 1047 197 1055 κ
210 1041 233 1057 :ul
243 1040 345 1057 Labienum
353 1039 466 1056 deducere.»
474 1038 666 1056 Animadvertendum
674 1039 720 1056 illud

190 1076 266 1093 quoque
275 1072 310 1093 est,
320 1070 453 1092 Ambiorigem,
466 1075 510 1087 cum
523 1070 644 1092 profectionis
657 1074 720 1087 neces-

189 1104 262 1120 silatem
274 1102 355 1120 maxime
366 1102 433 1119 validis
445 1102 559 1123 argumentis
575 1101 719 1124 confirmaverit,

190 1140 231 1151 vam
242 1134 374 1151 necessitatem
384 1138 422 1150 non
433 1137 467 1154 pro
476 1137 502 1155 re,
513 1133 536 1150 de
546 1137 584 1154 qua
589 1133 628 1154 jam
638 1133 721 1155 explora-

190 1168 228 1183 tum
242 1165 319 1183 omnino
329 1165 359 1187 sit,
367 1164 402 1182 sed
409 1169 443 1186 pro
450 1169 477 1186 re,
483 1164 506 1182 de
513 1169 551 1186 qua
558 1164 661 1182 deliberare
667 1168 721 1186 opor—

193 1199 228 1214 teat
242 1197 319 1218 legatos,
329 1200 443 1218 proponere:
460 1195 509 1213 viam
518 1195 606 1217 ostendit,
621 1200 670 1217 quae,
685 1200 723 1213 sua
