3168 5180
667 534 844 602 „43-

225 719 265 769 se
295 701 333 768 in
367 701 482 770 Gallia
508 704 644 788 gestaS,
660 699 801 768 bellum
821 695 1098 784 gravissimum,
1121 711 1283 763 summae

222 843 347 895 rerum
365 833 566 912 eertamen,
584 826 714 910 inquo
735 825 767 892 si
782 824 951 892 devictus
967 821 1113 908 fuisset,
1131 838 1284 889 omnem

174 929 176 934 ¹
222 954 390 1038 priorum
412 952 652 1021 victoriarum
685 951 849 1019 fructum
883 948 1089 1034 amisisset,
1124 967 1169 1015 ex
1206 966 1283 1033 quo

221 1079 339 1147 vietor
367 1079 540 1164 excessit,
562 1096 681 1163 eaque
710 1076 840 1144 ultima
868 1075 1023 1143 victoria
1060 1078 1202 1141 ceteras
1245 1072 1283 1140 in

219 1209 443 1291 perpetuum
468 1203 714 1289 confirmavit,
737 1219 860 1286 neque
884 1201 922 1268 id
947 1199 1187 1268 solummodo
1207 1198 1284 1266 bel-

221 1300 299 1396 lum
328 1331 500 1417 confecit,
523 1330 590 1398 sed
613 1330 825 1397 futurorum
859 1345 1012 1413 quoqne
1046 1343 1133 1394 oum
1168 1324 1282 1393 Gallis

219 1453 404 1523 bellorum
424 1457 616 1524 materiam
628 1474 744 1541 prope
756 1454 918 1522 sustulit.
943 1453 1056 1521 Erant
1070 1452 1181 1538 igitur
1201 1469 1282 1537 sep-

218 1580 299 1647 timi
318 1581 406 1648 anni
428 1600 488 1649 res
521 1582 681 1650 maxime
703 1581 838 1667 dignae,
870 1598 956 1664 quae
995 1577 1278 1647 accuratissimo

218 1711 330 1792 atque
346 1707 469 1793 etiam,
492 1712 675 1792 quantum
691 1707 838 1775 sinebat
863 1706 956 1774 ratio
985 1684 1067 1792 ipsa
1092 1704 1276 1773 Commea-

218 1833 403 1919 tortorum,
425 1838 556 1902 ornato
577 1833 752 1900 narrandi
767 1850 902 1918 genere
917 1835 1204 1918 exponerentur.

262 1956 343 2038 Quo
371 1958 520 2043 planius
553 1959 798 2044 intellegatur,
827 1962 1010 2042 quantum
1040 1955 1208 2023 utilitatis
1233 1941 1278 2023 e'x

214 2083 448 2151 orationibus
467 2084 675 2170 perceperit
697 2083 832 2168 Caesar,
855 2100 931 2149 non
954 2098 1275 2167 supervacaneum

213 2228 299 2278 esse
319 2211 489 2297 arbitror,
520 2209 665 2277 collatis
684 2208 773 2276 hino
801 2213 912 2292 atque
939 2206 1042 2276 illine
1062 2207 1274 2274 orationum

212 2334 320 2422 loeiS,
345 2340 381 2404 et
401 2335 650 2421 lineamentis,
678 2339 720 2402 ut
741 2335 790 2400 ita
821 2333 961 2420 dicam„
978 2333 1015 2399 in
1044 2350 1163 2400 unum
1188 2351 1276 2400 eon-

212 2463 447 2550 trae‘tismuae
463 2461 605 2554 passim
621 2461 800 2546 dissipata
811 2466 1027 2545 occurrunt,
1050 2460 1273 2528 adumbrare

212 2589 354 2674 efligies
374 2589 507 2674 ipsiuS,
529 2604 700 2673 suorum,
720 2586 1123 2671 barbarorum,quales
1137 2587 1270 2672 voluit,

211 2714 420 2800 qualesque
430 2731 557 2783 revera
573 2731 730 2780 neeesse
741 2712 855 2798 estin
867 2712 1070 2798 legentium
1079 2712 1270 2780 mentibus

211 2839 415 2908 informari.

254 2963 309 3031 Ab
325 2983 369 3032 ea
387 2981 549 3049 persona
569 2962 679 3030 nobis
703 2963 927 3031 ordiendum
955 2968 1022 3049 est,
1045 2982 1130 3048 quae
1150 2963 1269 3032 multo

210 3091 391 3157 maximas
410 3094 534 3175 partes
554 3089 590 3155 in
611 3087 878 3167 Commentariis
897 3093 1008 3157 tenet.
1021 3087 1146 3158 Caesar
1160 3089 1271 3174 igitur

208 3216 372 3301 primum
393 3233 479 3300 erga
504 3214 596 3282 deos
611 3214 785 3300 pietatem
805 3232 882 3300 prae
902 3232 944 3281 ee
959 3214 1038 3282 fert.
1060 3213 1269 3282 Audiamus

208 3341 309 3408 enim
329 3359 384 3426 ea,
405 3359 491 3425 quae
512 3340 558 3407 de
573 3357 704 3407 eorum
730 3338 872 3424 Justitia
894 3341 990 3425 apud
1013 3340 1267 3409 Helvetiorum
1296 3426 1299 3432 .

207 3466 348 3553 legatos
368 3465 598 3552 gravissimis
622 3465 746 3532 verbis
768 3466 1002 3534 asseveratl:
1029 3491 1044 3528 «
1071 3465 1179 3547 Quod
1198 3485 1268 3534 sua

208 3613 224 3657 r
250 3591 404 3659 victoria
416 3594 491 3658 tam
506 3589 712 3658 insolenter
721 3590 979 3677 gloriarentur,
994 3592 1173 3676 quodque
1191 3597 1266 3659 tam

207 3744 223 3782 «
250 3719 313 3786 diu
334 3736 375 3786 se
395 3719 548 3808 impune
569 3717 724 3802 injurias
749 3719 881 3786 tulisse
901 3719 1186 3806 admirarentur,
1207 3738 1268 3788 eo-

206 3867 222 3908 r
254 3844 340 3911 dem
362 3843 547 3928 pertinere
568 3842 781 3926 {scilieetut
810 3842 946 3911 Caesari
966 3844 1093 3910 minus
1123 3844 1266 3912 dubita·

205 3993 222 4034 «
247 3968 360 4037 tionis
376 3966 770 4054 daretur).Consuesse
791 3968 891 4035 enim
914 3968 1005 4036 deos
1021 3969 1264 4056 immortaleS,

204 4113 324 4180 «qno
357 4093 505 4179 gravius
538 4093 711 4160 homines
741 4112 785 4160 ex
813 4095 1105 4164 commutatione
1138 4115 1263 4164 rerum

204 4246 220 4282 «
246 4220 408 4304 doleant,
425 4236 523 4302 quos
551 4235 618 4303 pro
646 4219 787 4286 scelere
814 4237 945 4286 eorum
975 4220 1107 4288 uleisoi
1136 4222 1261 4307 velint,

203 4347 305 4414 «his
334 4345 579 4414 secundiores
613 4346 800 4415 interdum
834 4365 893 4414 res
926 4353 962 4414 et
989 4347 1262 4418 diuturniorem

231 4580 238 4613 ¹
256 4580 277 4642 1,
294 4577 327 4638 lt,
346 4577 408 4639 laq,
