3168 5180
682 543 857 611 ..69-

238 726 254 766 «
279 707 381 775 neris
414 707 597 776 acerrimo
630 707 882 776 existimatore
920 707 1131 792 saepissime
1169 708 1294 794 audie,

237 853 253 890 «
279 829 384 899 illurn
404 833 575 901 omnium
590 834 666 902 fere
686 836 877 901 oratorum
897 831 1009 899 latine
1028 831 1132 918 loqui
1153 833 1298 920 elegan-

236 979 252 1017 «
278 955 444 1026 tissime¹
449 1011 514 1025 .....
542 959 636 1026 Cum
659 958 706 1025 ad
729 958 828 1024 hanc
854 958 1074 1043 elegantiam
1093 959 1295 1028 verborum

235 1082 479 1170 «latinorum
485 1137 550 1152 .....
583 1083 750 1170 adjungit
786 1083 848 1151 illa
881 1083 1042 1152 oratoria
1074 1090 1294 1153 ornamenta

233 1233 249 1270 «
275 1208 437 1296 dicendi,
451 1214 534 1279 tum
549 1209 696 1277 videtur
709 1214 888 1295 tanquam
903 1209 1051 1278 tabulas
1065 1209 1162 1278 bene
1172 1211 1292 1297 pictas

232 1358 249 1394 «
275 1334 459 1403 collocare
475 1335 513 1402 in
529 1335 630 1404 bono
651 1334 804 1402 lumine.
827 1334 932 1402 Hanc
948 1352 1036 1402 curn
1051 1334 1187 1403 habeat
1200 1354 1294 1423 prae-

232 1474 249 1511 «
274 1451 425 1536 cipuam
455 1452 619 1538 laudem,
640 1452 679 1518 in
708 1451 976 1519 communibus
996 1469 1073 1519 non
1092 1452 1201 1521 video
1230 1452 1293 1521 cui

231 1600 248 1638 «
273 1576 407 1645 debeat
421 1577 567 1646 cedere.
586 1576 826 1662 Splendidam
839 1576 1292 1663 quamdamminimeque

233 1729 250 1765 «
274 1703 534 1772 veteratoriam
549 1703 732 1770 rationem
752 1702 901 1771 dicendi
921 1706 1033 1789 tenet,
1049 1720 1154 1789 voce,
1172 1709 1291 1792 motu,

233 1853 249 1892 a
274 1829 394 1898 torma
413 1829 524 1897 etiam
553 1821 791 1913 magnificam
824 1830 860 1894 et
879 1845 1101 1914 generosam
1127 1829 1292 1914 quodam

233 1971 250 2008 «
275 1945 423 2014 modoa
451 1968 467 2006 »
495 1944 688 2013 consentit
720 1943 974 2026 Quintilianus
1000 1962 1088 2013 cum
1109 1946 1292 2016 acerrimo

228 2070 292 2139 illo
312 2070 540 2156 eloquentiae
556 2068 819 2155 existimatore,
842 2074 882 2137 ut
900 2069 1064 2138 Atticum
1084 2071 1197 2156 paulo
1227 2091 1292 2140 su-

229 2215 296 2284 pra
315 2197 533 2282 loquentem
553 2195 789 2263 audivimus:
815 2219 832 2258 «
854 2194 891 2263 C.
915 2195 1040 2264 Caesar
1059 2199 1092 2267 si
1114 2200 1194 2271 foro
1215 2206 1293 2270 tan·

232 2347 248 2386 «
273 2326 354 2390 tum
372 2325 556 2407 vacasset,
573 2338 649 2389 non
670 2319 766 2387 alius
782 2338 827 2388 ex
846 2321 986 2390 nostris
1001 2329 1132 2393 contra
1148 2325 1293 2396 Cicero·

233 2478 250 2516 «
279 2469 366 2520 nem
386 2451 655 2520 nominaretur.
673 2450 835 2518 Tantain
851 2467 895 2519 eo
910 2451 967 2519 vis
983 2456 1051 2539 est,
1064 2454 1103 2523 id
1118 2474 1291 2546 acumen,

232 2596 249 2634 «
276 2587 320 2638 ea
339 2568 553 2654 concitatio,
570 2568 732 2635 utillum
751 2567 884 2635 eodem
900 2568 1025 2638 animo
1046 2571 1198 2660 dixisse,
1215 2593 1292 2660 quo

232 2721 248 2759 «
272 2695 435 2780 bellavit,
457 2697 631 2780 appareat
645 2707 668 2760 ³.
692 2716 708 2754 »
731 2692 909 2761 Eamdem
930 2694 976 2762 de
992 2698 1153 2766 oratoria
1174 2699 1294 2769 Caesa·

230 2823 282 2891 ris
307 2822 523 2910 praestantia
551 2821 769 2907 opinionem
795 2822 927 2907 paucis
951 2825 1075 2893 verbis
1100 2828 1294 2897 concludit

229 2949 419 3018 Tacitus⁴:
445 2972 461 3010 «
476 2947 572 3015 Nam
588 2947 746 3014 dictator
758 2945 884 3015 Caesar
898 2950 1059 3018 summis
1079 2953 1292 3023 oratoribus

234 3100 251 3138 «
276 3073 486 3143 aemulus».
506 3072 687 3140 Eamdem
709 3071 911 3141 Suetonius
931 3092 1084 3161 quoque
1104 3079 1289 3163 profero:

232 3225 249 3264 «
273 3199 497 3285 Eloquentia
516 3198 742 3284 militarique
763 3216 803 3265 re
827 3203 891 3266 aut
918 3202 1081 3285 aequavit
1108 3210 1291 3290 praestan-

232 3317 508 3385 «tissimorum
542 3315 697 3401 gloriam
730 3319 794 3381 aut
828 3316 1041 3384 excessit.»
1076 3318 1131 3388 Ne
1159 3323 1290 3409 multa,

232 3446 379 3512 constat
412 3441 598 3510 Caesarem
618 3439 831 3525 proximum
851 3440 1022 3511 Ciceroni
1044 3443 1218 3516 facultate
1240 3448 1293 3516 di-

230 3568 340 3639 cendi
355 3567 486 3652 tuisse,
504 3566 730 3652 duabusque
740 3566 980 3651 potissimum
1000 3569 1177 3640 laudibus
1197 3591 1291 3660 prae-

231 3695 385 3778 stitisse,
409 3690 554 3760 scilicet
581 3697 691 3759 acuta
712 3690 748 3758 vi
777 3710 820 3759 ac
853 3693 1039 3762 concitata
1057 3701 1093 3764 et
1130 3698 1290 3785 eleganti

232 3819 443 3907 splendore.

276 3943 532 4032 Cogitantihus
568 3961 656 4010 vero
690 3944 813 4030 nobis,
852 3949 932 4013 tum
969 3963 1084 4032 quam
1122 3951 1292 4020 celeriter

232 4072 358 4142 Caesar
396 4069 673 4138 Commentarios
707 4068 747 4136 de
770 4069 883 4148 ,Bello
919 4069 1053 4140 Gallico
1082 4075 1289 4165 perfecerit,

231 4204 310 4266 tum
330 4213 446 4283 quam
465 4196 624 4264 formam
644 4195 830 4281 quodque.
842 4215 961 4282 genus
981 4199 1193 4269 orationum
1212 4207 1290 4270 tan-

230 4331 312 4395 tum
332 4342 409 4394 non
429 4325 613 4411 omnium,
626 4342 722 4409 quas
742 4324 780 4392 in
800 4325 856 4393 eis
871 4325 1041 4413 inseruit,
1062 4346 1147 4398 esse
1161 4332 1290 4403 volue-

244 4572 270 4610 Ἷ
285 4575 322 4637 tt,
340 4575 392 4628 252.
405 4576 454 4614 -2
467 4573 507 4636 7⁵,
521 4574 576 4626 tat.
590 4599 619 4611 -
634 4575 645 4610 ³
660 4573 694 4636 X,
712 4573 1076 4639 1,1tt.-⁴Aaa.xi11,³.
1095 4581 1148 4619 -5
1167 4580 1227 4636 Crat.
1244 4584 1286 4640 55.
