3168 5180
750 450 930 520 ..72-

306 634 442 685 norum
461 615 594 700 virtus
611 618 647 682 et
666 614 712 681 de
732 614 908 682 itinerum
919 619 1031 700 etque
1046 614 1098 680 rei
1114 613 1365 685 frumentariae

306 741 590 811 difficultatibus
602 757 643 807 se
657 739 784 826 ipsum
804 740 999 826 diligenter
1014 739 1247 826 cogitavisse.
1267 741 1367 810 Prio-

307 887 388 939 rem
408 872 554 955 partem
583 870 624 933 ut
656 866 864 952 confirmet,
893 867 931 932 in
964 872 1109 934 mentes
1134 866 1366 937 audientium

303 997 453 1064 revocat
470 993 530 1061 bis
553 992 599 1060 ab
620 991 847 1060 exercitibus
876 990 1055 1059 Romanis
1084 992 1250 1060 devictos
1280 1012 1366 1062 esse

301 1121 522 1203 Germanos
557 1116 722 1204 primum
756 1116 994 1202 Cimbrorum
1031 1121 1068 1184 et
1108 1116 1365 1186 Teutonorum

298 1245 411 1331 belle,
432 1261 520 1312 mox
548 1267 566 1305 «
586 1241 624 1310 in
647 1242 751 1309 Italia
771 1242 897 1310 servili
921 1242 1097 1327 tumultu,
1121 1259 1219 1326 quos
1239 1246 1362 1310 tamen

303 1391 320 1432 ι(
343 1368 486 1455 aliquid
510 1387 604 1436 usus
631 1385 675 1434 ae
699 1367 911 1453 disciplina,
937 1384 1051 1452 quam
1076 1366 1227 1434 anobis
1255 1385 1363 1436 aece-

300 1520 317 1559 «
345 1494 502 1580 pissent,
530 1493 769 1561 sublevarent
791 1512 831 1578 »3
862 1496 1041 1578 praeterea
1068 1492 1270 1579 Helvetios,
1298 1494 1364 1577 qui

301 1621 508 1690 Germanos
536 1635 798 1704 saepenumero
819 1618 1111 1704 superavissent,
1133 1617 1228 1704 ipsis
1252 1637 1364 1704 peres

300 1764 385 1815 esse
405 1758 481 1814 non
501 1744 682 1830 potuisse.
706 1744 854 1811 Fatetur
873 1743 1027 1830 quidem
1047 1743 1250 1812 adversum
1265 1763 1366 1830 proe·

301 1872 394 1940 lium
414 1890 435 1938 a
455 1869 569 1938 Gallis
589 1887 677 1937 oum
698 1869 894 1937 Germanis
910 1868 1050 1936 factum
1070 1887 1171 1956 esse,
1193 1870 1364 1939 sedeam

299 1995 473 2065 Ariovisti
491 1995 685 2063 victoriam
708 1995 826 2080 magis
847 1994 981 2062 rationi
1001 2012 1044 2061 ae
1065 1995 1227 2062 oonsilio
1248 2013 1364 2081 quam

298 2121 424 2191 virtuti
444 2120 595 2205 tribuit3
618 2119 679 2188 oui
699 2120 833 2189 rationi
858 2119 1040 2187 adversus
1060 2119 1268 2188 exereitum
1292 2121 1364 2188 Ro-

300 2264 456 2316 manum
491 2245 785 2330 haudquaquam
819 2245 927 2313 loeus
967 2263 1052 2312 esse
1071 2249 1228 2330 potest.
1271 2244 1361 2327 Quae

299 2371 533 2481 ponfirmatio
561 2388 637 2439 non
662 2370 788 2438 solum
818 2387 988 2456 numere,
1020 2370 1087 2438 sed
1111 2375 1245 2438 natura
1270 2388 1362 2455 quo-

297 2516 371 2584 que
386 2502 422 2566 et
435 2497 471 2564 vi
486 2501 792 2582 argumentorum
807 2496 919 2564 valet:
943 2513 986 2563 ea
1006 2495 1106 2564 enim
1122 2496 1248 2563 omnia
1263 2495 1364 2581 ejus·

300 2621 404 2691 modi
424 2625 524 2707 sunt,
547 2625 588 2688 ut
607 2620 653 2688 ab
673 2620 740 2706 eiS,
762 2619 827 2705 qui
843 2619 1012 2706 audiunt,
1036 2624 1072 2688 et
1090 2619 1197 2687 facile
1217 2619 1361 2687 intelle-

298 2751 432 2835 gantur
446 2751 482 2814 et
497 2745 647 2814 maximi
667 2745 847 2814 momenti
867 2745 1111 2832 aestimentur,
1133 2763 1221 2813 oum
1240 2749 1277 2814 et
1295 2744 1360 2812 ad-

297 2872 453 2940 modum
473 2871 659 2957 simplioia
678 2871 753 2939 sint
772 2876 808 2939 et
834 2871 880 2938 de
909 2871 1071 2939 recentis
1090 2871 1268 2956 temporis
1305 2889 1361 2938 re-

298 2998 371 3066 bus
387 2997 509 3064 dueta.
533 2995 649 3064 Multo
668 2996 816 3064 brevior
844 3001 902 3063 est
917 2996 1070 3064 alterius
1090 2996 1204 3083 partis
1226 2996 1360 3065 confir-

298 3123 432 3191 matio:
456 3140 620 3207 nemque
640 3121 818 3208 intellegit
851 3122 987 3208 Caesar,
1010 3122 1168 3208 depulso
1193 3120 1360 3192 bostium

298 3253 451 3335 terrore,
484 3249 559 3333 jam
579 3253 721 3335 partam
743 3265 827 3315 esse
861 3247 1019 3315 orationi
1053 3267 1133 3316 suae
1165 3248 1359 3318 victoriam

300 3392 423 3460 neque
442 3392 616 3460 magnam
635 3373 894 3441 difficultatem
913 3373 1058 3473 relique
1076 3374 1289 3459 praebitura.
1308 3375 1360 3444 Ea

298 3517 386 3568 oum
402 3499 451 3566 ita
466 3499 552 3584 sint,
574 3499 665 3567 satis
693 3498 817 3584 habet,
838 3498 1097 3584 redintegratis
1118 3479 1166 3568 de*
1183 3517 1358 3586 errogan-

297 3625 347 3692 tia
366 3625 526 3692 militum
544 3623 893 3710 vituperationibus,
928 3642 1141 3694 asseverare
1173 3625 1359 3694 frumenta

298 3757 334 3818 et
352 3769 374 3817 a
393 3749 508 3819 sooiis
529 3749 808 3817 subministrari
827 3755 863 3817 et
875 3750 951 3834 jam
973 3768 1057 3818 esse
1086 3751 1123 3816 in
1158 3751 1255 3837 agris
1282 3770 1359 3820 ma·

299 3881 399 3961 tura3
417 3874 463 3943 de
478 3875 609 3944 itinere
628 3847 719 3943 vero
732 3875 825 3942 nihil
844 3874 945 3942 aliud
965 3874 1066 3962 dicit,
1084 3876 1156 3944 nisi
1176 3894 1241 3944 eos
1254 3877 1358 3946 brevi

300 4006 467 4087 tempore
480 3999 714 4085 judicaturos
732 4001 842 4087 quale
859 4001 923 4069 sit:
941 4018 1105 4086 namque
1121 4002 1159 4068 in
1175 4020 1219 4070 eo
1235 4008 1357 4090 estut,

300 4127 478 4213 neglectis
499 4144 630 4195 eorum
655 4127 885 4213 rumoribus,
907 4127 973 4212 qui
1005 4126 1142 4194 milites
1175 4145 1251 4196 non
1279 4129 1359 4197 fore

299 4252 398 4320 dioto
415 4251 609 4318 audientes
624 4250 801 4337 referunt,
815 4251 965 4337 signum
980 4251 1042 4320 det
1055 4252 1296 4338 profectionis
1312 4255 1359 4322 ad

300 4376 539 4445 Ariovistum.
560 4376 764 4461 Postquam
780 4383 904 4446 autem
924 4378 991 4463 eiS,
1013 4397 1099 4463 quae
1123 4397 1236 4465 supra
1256 4385 1356 4466 sunt,

300 4502 460 4572 militum
479 4501 626 4571 animos
647 4502 793 4587 impulit
808 4504 903 4571 etad
919 4504 1084 4573 hostium
1100 4509 1356 4592 contemptum
