3152 5168
778 545 954 617 ..qg...

335 701 425 778 dum
441 714 652 798 spectantes
663 710 813 781 ferebat.
823 709 954 796 Neque
964 715 1087 776 tamen
1099 726 1143 777 eo
1153 727 1252 777 anno
1262 705 1390 776 roem

333 835 500 904 virorum
509 837 546 903 in
558 836 703 904 civitate
722 837 839 905 multo
855 835 1068 922 principum
1080 833 1268 903 dissensio
1280 835 1390 921 plane

335 961 468 1047 erupit.
499 961 670 1048 Namque
696 961 930 1049 privilegium
955 961 1125 1029 omnium
1151 960 1390 1028 tribunorum

335 1103 526 1154 consensu
540 1085 1291 1174 Caesariconcessum‚utabsensalterum
1302 1103 1391 1152 con-

331 1214 496 1280 sulatum
520 1218 672 1301 peteret,
694 1214 798 1299 quod
825 1214 905 1299 lege
935 1212 1139 1280 sustulerat
1171 1211 1387 1297 PompeiuS,

330 1336 1387 1426 mox‚cumquestusessetCaesar,restituit.llnnodemum

329 1461 454 1531 703-51
468 1465 624 1532 adversa
633 1483 720 1552 pars
735 1464 774 1531 in
786 1464 944 1534 Caesaris
959 1463 1163 1551 potentiam
1174 1480 1388 1549 expugnan-

329 1589 417 1657 dam
432 1595 550 1676 ,atque
569 1590 807 1659 evertendam
827 1589 987 1658 summis
1006 1589 1149 1659 viribus
1169 1589 1253 1655 ruit.
1276 1587 1388 1656 Nam-

329 1732 403 1802 que
433 1714 481 1783 M.
517 1714 695 1784 Claudius
723 1714 922 1783 Marcellus
960 1715 1093 1784 consul
1127 1713 1173 1782 ad
1211 1718 1386 1782 senatum

327 1843 463 1931 retulit,
490 1848 531 1911 ut
552 1843 677 1912 Caesar
699 1861 813 1929 quam
835 1843 999 1930 primum
1024 1860 1043 1910 e
1063 1841 1255 1928 provincia
1278 1841 1386 1910 dece-

328 1967 415 2037 dere
435 1973 641 2055 cogeretur,
663 1987 736 2037 neu
759 1968 925 2037 absentis
944 1967 1026 2052 eJus
1045 1967 1138 2035 ratio
1156 1967 1192 2033 in
1212 1967 1386 2035 consula-

326 2098 388 2161 tus
420 2093 597 2180 petitione
620 2092 830 2161 haberetur.
866 2092 957 2174 Quae
990 2111 1051 2161 res
1075 2092 1207 2161 inertia
1230 2091 1386 2177 optima·

326 2218 420 2287 tium
451 2223 487 2287 et
510 2218 677 2304 Pompeii
699 2218 936 2286 cunctatione
961 2218 999 2284 in
1030 2218 1293 2304 insequentem
1320 2236 1386 2285 an-

324 2361 417 2412 num
436 2345 574 2429 rejecta
601 2350 669 2413 est.
697 2343 790 2412 Cum
815 2344 906 2413 alter
943 2361 987 2411 ex
1015 2344 1238 2412 consulibus
1267 2345 1384 2430 hujus

325 2469 413 2537 anni
443 2467 602 2558 (llil-50,
633 2468 671 2537 C.
702 2468 880 2537 Claudius
895 2467 1107 2555 Marcellus,
1125 2475 1313 2538 certamen
1342 2471 1383 2539 in

324 2600 457 2664 senatu
477 2595 523 2663 de
543 2594 735 2681 eripiendo
763 2593 900 2662 Caesari
925 2594 1082 2680 imperio
1102 2595 1381 2685 redintegraret,

323 2721 628 2807 intellegeretque
666 2719 792 2788 Caesar
824 2724 965 2805 quanto
999 2738 1087 2788 cum
1122 2721 1181 2788 sui
1213 2723 1382 2808 periculo

324 2847 491 2916 futurum
500 2846 606 2932 foret,
623 2850 665 2913 ut
678 2850 764 2932 post
779 2845 992 2914 discessum
1007 2846 1186 2933 privatus
1203 2847 1382 2936 Pompeio

291 3063 295 3074 ¹
324 2973 527 3042 etiamtunc
563 2971 763 3058 imperium
800 2969 1021 3058 retinente'‚
1058 2972 1244 3041 obnoxius
1281 2983 1384 3044 esset

323 3099 484 3169 summis
515 3098 757 3167 inimicorum
777 3097 875 3166 odiis
892 3118 901 3184 3
919 3097 1119 3166 Curionem
1152 3100 1237 3187 sibi,
1267 3103 1383 3171 tribu-

323 3245 415 3295 num
429 3225 563 3313 plebiS,
580 3223 756 3311 devinxit,
774 3224 886 3310 quus
902 3223 1058 3292 artificio
1079 3225 1253 3295 ellectum
1269 3235 1382 3297 estut

321 3369 409 3438 pars
430 3349 548 3418 multo
569 3347 689 3434 major
715 3353 933 3416 senatorum
957 3354 1128 3417 censeret
1147 3331 1380 3439 et'Pompeio

322 3481 358 3543 et
377 3474 514 3544 Caesari
534 3471 800 3560 deponendum
827 3490 911 3540 esse
930 3471 1140 3558 imperium.
1165 3473 1269 3544 Tunc
1288 3475 1382 3547 Mar-

321 3601 440 3670 cellus
468 3605 505 3668 et
528 3599 705 3667 consules
725 3597 907 3683 designati
935 3597 1153 3683 Pompeium
1170 3601 1378 3692 jusserunt,

320 3725 386 3811 qui
407 3725 454 3793 ad
475 3725 615 3794 Urbem
639 3742 727 3792 cum
756 3721 967 3809 legionibus
996 3729 1085 3810 erat,
1111 3743 1213 3792 arma
1246 3745 1378 3814 capere

318 3857 354 3921 et
376 3869 495 3918 novos
521 3849 659 3917 milites
683 3848 934 3917 conscribere.
961 3849 1123 3937 Frustra,
1153 3851 1284 3920 litteris
1310 3872 1378 3941 per

316 3976 517 4046 Curionem
552 3976 599 4044 ad
629 3979 802 4044 senatum
827 3974 935 4059 datis,
958 3975 1102 4060 quaein
1125 3983 1258 4047 senatu
1295 3979 1373 4049 Kal.

313 4103 393 4174 lan.
425 4103 514 4170 anni
545 4099 669 4169 70549
701 4101 865 4169 recitatae
897 4099 1072 4189 luerunt,
1107 4122 1153 4171 ne
1187 4105 1375 4176 dissensio

210 4319 214 4328 Ι
312 4231 351 4299 in
371 4230 517 4300 bellum
536 4233 761 4315 erumperet,
789 4232 948 4297 conatus
974 4234 1032 4297 est
1051 4229 1186 4300 Caesar.
1216 4234 1378 4320 Rejeotis

342 4451 435 4514 ¹Lege
460 4449 589 4499 'heboniu
607 4449 672 4499 unni
694 4451 782 4503 69955
799 4450 929 4515 Hispania
948 4453 972 4500 ei
992 4451 1020 4499 in
1034 4452 1249 4516 quinquennium,
1262 4454 1296 4504 ab
1309 4469 1380 4506 anno

315 4531 414 4592 loom,
425 4531 530 4580 decretu
547 4530 607 4577 erut
615 4543 683 4578 cum
697 4531 873 4594 proconsulari
889 4531 997 4593 imperio
1010 4534 1038 4580 et
1049 4535 1138 4594 postea
1151 4533 1262 4596 (tot-52)
1273 4539 1380 4586 senatus

313 4612 437 4662 consulto
449 4612 478 4658 in
491 4609 603 4658 alterum
616 4610 824 4674 quinquennium
837 4614 972 4674 prorogata
