3168 5180
650 533 826 600 ..49-

210 691 333 777 ginem
354 694 588 779 expresserit.
621 694 766 776 Quanta
785 696 935 763 caritate
956 701 991 764 et
1009 697 1268 767 benevolentia

210 819 346 887 milites
372 819 492 887 foveat
513 821 719 911 quantique
743 821 850 906 pretii
875 839 1007 889 eorum
1030 823 1143 891 vitam
1168 825 1269 892 aesti-

209 949 296 1030 met,
318 944 388 1012 hac
409 945 575 1012 oratione
598 946 772 1032 declarat,
795 963 908 1031 quam
925 965 946 1013 a
966 965 1007 1015 se
1022 947 1187 1017 habitam
1215 966 1270 1016 re-

209 1070 310 1155 fert¹‚
350 1075 391 1136 ut
419 1070 679 1138 consolaretur
715 1071 852 1139 milites
890 1072 1127 1158 indignantes
1166 1075 1269 1164 quod

211 1195 316 1280 Galli,
333 1195 469 1282 palude
488 1195 657 1281 protecti,
675 1202 921 1281 conspectum
937 1215 1050 1264 suum
1063 1198 1271 1284 perferrent

210 1340 334 1407 neque
372 1321 508 1407 Caesar,
547 1323 690 1390 tantulo
720 1323 839 1407 spatio
873 1323 1078 1410 interjecto,
1118 1326 1269 1412 signum

208 1447 332 1534 proelii
348 1446 638 1534 exposcentibus
658 1447 780 1515 daret:
806 1472 822 1510 «
841 1448 981 1516 Edocet
1000 1456 1140 1536 quanto
1161 1451 1269 1522 detri-

211 1595 227 1638 (t
254 1578 381 1640 mento
406 1576 443 1639 et
467 1576 561 1658 quot
584 1572 750 1640 virorum
784 1572 936 1641 fortium
958 1579 1077 1642 morte
1111 1593 1268 1656 necesse

211 1722 227 1764 r
254 1699 303 1766 sit
337 1703 509 1765 constare
537 1697 761 1782 victoriam3
793 1716 899 1782 quos
937 1717 1025 1766 cum
1058 1701 1114 1768 sic
1142 1703 1268 1770 animo

211 1850 227 1887 «
253 1828 402 1920 paratos
421 1823 555 1908 videat,
578 1827 618 1890 ut
638 1821 785 1890 nullum
813 1841 881 1909 pro
906 1842 975 1891 sua
994 1824 1104 1893 laude
1125 1827 1269 1913 pericu-

211 1973 227 2010 «
253 1949 332 2015 lum
346 1953 534 2032 recusent,
552 1955 712 2014 summae
728 1964 769 2014 se
785 1947 991 2033 iniquitatis
1025 1943 1268 2018 condemnari

209 2097 226 2139 <r
253 2073 402 2159 debere,
420 2073 494 2140 nisi
514 2089 644 2142 eorum
664 2073 777 2139 vitam
802 2091 871 2140 sua
896 2075 1016 2142 salute
1044 2075 1179 2145 habeat
1211 2095 1269 2144 ca-

210 2224 227 2262 «
252 2200 404 2267 riorem.
426 2221 443 2259 »
466 2197 547 2279 Qua
566 2197 612 2265 de
631 2215 671 2265 re
686 2197 822 2265 iterum
837 2199 1067 2268 mentionem
1087 2201 1215 2286 injecit
1229 2203 1267 2270 in

208 2341 252 2390 ea
268 2323 456 2408 contione,
478 2341 554 2407 qua
574 2322 765 2407 castigavit
784 2324 1079 2409 consolatusque
1101 2331 1158 2392 est
1176 2327 1268 2394 mlli-

207 2455 264 2518 tes
284 2455 370 2536 post
385 2450 661 2535 improsperum
684 2445 730 2514 ad
755 2446 973 2532 Gergoviam
994 2449 1170 2533 proelium
1196 2450 1268 2518 fac-

208 2552 326 2643 tumr:
352 2597 368 2640 (t
394 2572 575 2661 Exposuit
593 2572 685 2658 quid
709 2571 886 2657 iniquitas
906 2572 980 2640 loci
1003 2579 1143 2660 posset,
1165 2576 1268 2660 quod

210 2727 226 2765 «
252 2702 332 2789 ipse
358 2700 404 2768 ad
424 2699 623 2768 Avaricum
652 2699 846 2783 sensisset,
871 2715 971 2785 cum,
999 2699 1081 2767 sine
1108 2700 1203 2768 duce
1233 2707 1269 2769 et

211 2853 227 2890 «
253 2826 335 2895 sine
362 2826 529 2911 equitatu
556 2823 800 2911 deprehensis
829 2823 1015 2911 hostibus
1039 2827 1267 2911 exploratam

209 2952 446 3020 «victoriam
483 2950 700 3035 dimisisset,
738 2967 785 3015 ne
817 2967 974 3035 parvum
1011 2950 1125 3019 modo
1160 2952 1269 3020 detri-

209 3100 226 3143 «
252 3082 422 3145 mentum
442 3077 481 3143 in
506 3076 745 3142 contentione
769 3080 920 3161 propter
938 3075 1174 3160 iniquitatem
1194 3077 1267 3145 loci

210 3225 226 3269 a
253 3203 449 3271 accideret.
469 3223 485 3266 r)
508 3201 604 3282 Quin
625 3201 736 3269 etiam
756 3220 797 3269 se
818 3204 988 3286 paratum
1007 3200 1125 3268 fuisse
1145 3207 1267 3270 osten-

208 3331 261 3398 dit
280 3329 401 3397 facere
422 3327 544 3395 laudis
560 3345 640 3394 suae
661 3326 853 3412 damnum,
867 3331 907 3393 ut
921 3325 1103 3394 militibus
1118 3344 1267 3395 summa

206 3456 260 3524 rei
275 3453 530 3522 frumentariae
546 3452 763 3520 difficultate
783 3453 820 3519 in
837 3451 1089 3539 oppugnando
1108 3451 1265 3522 Avarlco

206 3580 465 3648 laborantibus
481 3576 747 3656 subveniret&
768 3600 784 3642 r<
852 3576 977 3645 Caesar
996 3577 1266 3664 cummopere

210 3729 226 3772 (t
253 3705 421 3792 singulas
447 3705 614 3790 legiones
641 3703 842 3790 appellaret
861 3706 908 3788 et,
933 3701 965 3768 si
986 3700 1159 3769 acerbius
1184 3703 1266 3771 ino·
1342 3683 1343 3688 ¹

209 3833 352 3920 «piam
390 3831 541 3917 terrent,
583 3848 624 3898 se
664 3829 911 3897 dimissurum
949 3827 1266 3911 oppugnationem

209 3981 226 4018 «
252 3956 433 4025 diceret...
457 3978 474 4022 r>

253 4064 372 4146 Quam
385 4064 547 4132 militum
563 4063 754 4130 caritatem
774 4081 849 4131 non
866 4063 991 4132 solum
1006 4062 1166 4132 maxima
1181 4063 1265 4130 vitae

208 4209 339 4260 eorum
364 4191 611 4275 laborumque
627 4189 873 4256 aestimatione
889 4195 1052 4276 praestat,
1084 4188 1151 4256 sed
1180 4207 1267 4257 con-

207 4315 456 4386 solationibus
471 4333 636 4401 quoque,
667 4315 807 4400 quibus
827 4316 969 4400 accepti
1002 4314 1190 4382 interdum
1215 4315 1268 4380 in-

237 4567 324 4632 ¹vu,
343 4569 378 4630 19,
393 4567 407 4618 l
423 4583 461 4631 sq.
475 4595 503 4605 -
521 4567 583 4633 vu,
597 4568 636 4626 sa,
654 4567 678 4618 a.
694 4569 748 4603 -3
767 4567 824 4628 vu,
840 4568 876 4626 u,
893 4565 919 4617 l.
