3168 5180
767 489 945 562 ..32-

322 655 390 720 ret.
415 649 536 732 Quare
570 667 613 718 ea
645 650 842 738 dispositio
875 650 1054 720 eximium
1079 651 1203 718 callidi
1228 653 1389 722 oratoris

319 775 524 868 ¹artificium
544 776 695 865 indicat,
713 779 853 846 nedum
874 783 999 846 careat
1013 782 1100 845 arte.

366 891 493 970 Restat
519 907 561 969 ut
593 903 639 972 de
659 903 872 973 elocutione
905 921 1025 990 pauca
1062 903 1307 972 disseramus,
1348 905 1387 972 Si

321 1027 408 1113 quis
430 1025 708 1096 Commentarios
741 1034 879 1097 attente
905 1027 1071 1114 perlegit,
1103 1047 1191 1097 eum
1218 1028 1388 1116 profecto

322 1167 398 1220 non
419 1151 512 1238 iugit
527 1153 715 1222 orationes
740 1159 852 1239 atque
871 1153 1116 1240 narrationes
1142 1171 1219 1222 non
1238 1155 1289 1222 ita
1307 1155 1391 1240 qui·

318 1276 408 1372 dem
429 1278 603 1346 dissimili
623 1280 720 1350 inter
735 1298 776 1348 se
787 1279 937 1347 dicendi
952 1296 1087 1364 genere
1101 1297 1199 1366 esse,
1214 1280 1282 1347 sed
1296 1296 1390 1364 quo-

316 1402 410 1501 dam
443 1408 567 1472 tamen
605 1404 719 1473 modo
758 1405 918 1491 differre,
954 1409 995 1471 ut
1032 1404 1208 1473 eumdem
1245 1405 1390 1490 ubique

323 1528 543 1614 scriptorem
560 1548 756 1617 agnoscas,
778 1530 1052 1598 animadvertas
1072 1530 1184 1615 paulo
1205 1530 1315 1599 altius
1335 1531 1389 1599 ibi

322 1659 591 1746 insurgentem,
622 1661 687 1729 ubi
717 1661 905 1730 orationes
929 1660 1051 1728 refert.
1075 1660 1252 1742 Quamvis
1272 1661 1387 1747 enim,

321 1759 489 1857 adhibito
510 1794 653 1858 tantum
671 1808 746 1859 non
762 1809 917 1879 vsemper
937 1789 1104 1877 obliquo,
1118 1808 1231 1875 quem
1243 1791 1387 1876 dicunt,

324 1933 511 2000 sermone,
546 1916 757 1984 luculenter
789 1915 983 2003 professus
1013 1917 1062 1983 sit
1080 1934 1121 1983 se
1146 1916 1297 1984 oratorii
1312 1914 1389 1984 stili

324 2045 631 2109 ornamentorum
659 2043 814 2110 minime
843 2046 1078 2128 appetentem
1105 2045 1216 2126 atque
1243 2041 1389 2109 studio-

324 2184 410 2234 sum
442 2166 573 2253 luisse,
595 2173 719 2236 tamen
740 2168 823 2254 ipsa
851 2186 891 2235 re
925 2167 1110 2235 adductus
1148 2171 1217 2251 est,
1245 2167 1386 2254 quippe

323 2292 388 2377 qui
408 2298 599 2360 oratorum
624 2293 723 2362 dicta
744 2298 946 2379 exponeret
971 2297 1007 2360 et
1026 2291 1187 2360 oratoria
1210 2292 1387 2362 facultate

324 2422 435 2503 atque
456 2419 719 2488 exercitatione
745 2419 951 2505 plurimum
971 2418 1122 2504 valeret,
1151 2423 1193 2484 ut
1216 2435 1389 2504 saepenu-

321 2561 426 2612 mero
437 2544 624 2630 eJusmodi
640 2545 746 2613 locos
762 2545 882 2630 copia,
905 2543 1168 2630 concitatione,
1186 2542 1388 2628 splendore

323 2669 569 2755 distingueret
588 2673 624 2737 et
643 2688 759 2755 supra
773 2668 1010 2754 narrationis,
1032 2672 1074 2735 ut
1091 2669 1142 2735 ita
1159 2667 1295 2753 dicam,
1315 2667 1387 2734 hu·

320 2792 516 2861 militatem
527 2793 683 2862 tolleret.
697 2792 778 2875 Quo
794 2793 837 2860 fit
850 2798 892 2860 ut
906 2794 953 2862 de
968 2791 1246 2862 narrationibus
1260 2795 1388 2859 verius

322 2936 438 3003 quam
458 2919 504 2987 de
524 2919 759 2987 orationibus
775 2901 1017 2987 notissimum
1036 2917 1129 2985 illud
1149 2915 1278 2986 Cicero
1293 2915 1389 2984 iece-

322 3017 370 3110 rit
385 3043 592 3128 J'udicium:
619 3044 773 3130 «Atque
792 3043 904 3112 etiam
926 3041 1243 3111 Commentarios...
1273 3041 1389 3127 scrip·

322 3168 372 3236 sit
391 3186 517 3237 rerum
538 3188 708 3257 suarum,
729 3169 836 3237 valde
859 3169 1012 3254 quidem
1031 3167 1272 3254 probandos:
1295 3165 1388 3233 nudi

322 3294 425 3362 enim
445 3299 544 3381 sunt,
567 3295 659 3363 recti
688 3299 724 3363 et
742 3294 903 3380 venusti,
925 3293 1029 3362 omni
1049 3297 1184 3361 ornatu
1208 3291 1388 3360 orationis

322 3424 503 3504 tanquam
518 3425 623 3488 veste
638 3420 804 3488 detracta
818 3419 838 3486 ¹.
862 3442 879 3480 »

367 3545 606 3631 Praecipuum
626 3545 747 3631 copiae
768 3543 917 3612 dicendi
938 3543 1100 3629 signum,
1123 3560 1238 3627 quam
1258 3547 1293 3610 et
1311 3541 1389 3610 lau-

322 3671 433 3741 dibus
452 3670 632 3738 extulisse
652 3671 796 3738 scimus
813 3670 1023 3739 Caesarem2
1039 3673 1075 3736 et
1090 3668 1277 3755 quaedam,
1290 3686 1387 3753 quas

322 3794 482 3862 servavit
497 3794 538 3862 A.
562 3793 704 3862 Gellius
720 3793 745 3881 ³,
775 3794 857 3880 ejus
886 3793 1099 3862 orationum
1122 3790 1291 3877 reliquiae
1315 3791 1390 3860 exi-

322 3921 397 3989 mie
415 3925 699 4007 repraesentant,
720 3920 917 3989 sententiae
940 3924 1029 3987 sunt
1044 3918 1244 4005 duplicatis
1263 3919 1390 3987 verbis

322 4063 522 4132 expressae.
554 4045 676 4131 Hujus
706 4045 866 4131 generiS,
894 4062 971 4130 quo
1004 4042 1189 4128 inprimis
1213 4043 1391 4136 abundat

323 4168 464 4255 Cicero,
482 4167 708 4236 creberrima
724 4172 929 4237 occurrunt
944 4166 1113 4252 exempla
1141 4166 1179 4234 in
1207 4165 1390 4235 Commem-

357 4401 364 4434 ¹
388 4400 465 4448 Brut.
479 4401 519 4457 75,
533 4399 586 4450 tur.
598 4399 652 4436 -2
670 4398 712 4450 (li.
730 4399 783 4451 (lic.
797 4399 880 4450 Brut.
893 4399 930 4462 il,
944 4399 997 4450 253.
1021 4421 1050 4435 —
1069 4396 1080 4432 ³
1095 4397 1143 4460 IV,
1157 4397 1192 4458 16,
1211 4399 1244 4460 85
1261 4397 1291 4462 V,
1309 4399 1343 4461 13,
1357 4401 1391 4462 6;

322 4480 401 4542 Xill,
415 4481 436 4541 3,
450 4482 471 4530 5.
485 4479 524 4529 Ol.
549 4479 604 4528 haec
617 4480 645 4528 et
661 4479 761 4542 reliqua
783 4479 890 4529 Oaeaaris
912 4480 1059 4528 orationum
1075 4478 1267 4540 fragmentum
1288 4479 1392 4531 Ooemre

324 4561 444 4622 Krancri,
457 4561 573 4624 (Lipsiae,
588 4559 743 4622 Tauchnitz,
758 4561 837 4624 1861),
852 4574 877 4623 p.
890 4560 933 4613 391
954 4573 1013 4622 sqq.
