3152 5168
649 553 824 622 „31-

207 720 318 788 etiam
346 719 551 787 sententias
585 718 725 806 fingere
754 722 986 806 cogerentur,
1015 717 1264 787 simulationis

208 845 523 914 consuetudinem
557 843 736 912 atterebat
765 843 828 912 illa
854 845 1064 930 saepissime
1097 845 1266 930 iniuncta

210 971 429 1057 necessitas
470 970 727 1067 suadebatque
765 974 806 1036 ut
850 970 1062 1038 rarissimas
1100 967 1264 1037 veritatis

209 1095 460 1182 exprimendae
509 1095 730 1163 occasiones
777 1095 1022 1180 neglegerent.
1062 1093 1191 1179 Itaque
1233 1093 1265 1160 si

209 1223 302 1290 forte
322 1221 516 1288 eveniebat
535 1226 586 1308 ut,
604 1239 689 1306 quae
710 1220 808 1288 dicta
823 1225 949 1288 essent
968 1220 1163 1305 aquodam
1187 1236 1267 1286 ora-

208 1353 300 1433 tore,
339 1350 619 1433 pernoscerent,
655 1347 692 1412 in
732 1345 802 1412 hac
842 1346 1009 1413 oratione
1047 1343 1267 1430 exponenda

209 1474 340 1543 eadem
373 1473 449 1540 fere
480 1471 645 1557 tingendi
674 1471 824 1539 licentia
860 1473 1060 1540 utebantur
1088 1476 1199 1556 atque
1227 1471 1265 1537 in

208 1599 355 1685 ceteris
378 1598 424 1666 de
445 1597 584 1683 quibus
604 1611 724 1683 pauca
741 1597 799 1664 vei
819 1596 930 1665 etiam
959 1597 1051 1665 nibil
1073 1600 1264 1665 noverant.

209 1725 276 1792 Ilia
295 1723 395 1792 enirn
416 1722 677 1791 existimabant
696 1723 875 1790 auxilium
897 1740 994 1808 esse,
1024 1741 1101 1808 quo
1124 1724 1163 1790 in
1179 1721 1269 1790 scri·

209 1850 323 1919 bendi
348 1850 476 1918 labore
500 1850 776 1935 adjuvarentur,
797 1850 915 1935 magis
939 1866 1053 1933 quam
1081 1848 1269 1935 exemplar

210 1976 321 2061 qu'us
340 1975 577 2042 verissimam
601 1974 761 2061 effigiem
777 1979 1047 2060 repraesentare
1066 1975 1266 2061 deberent;

210 2102 467 2185 curabantque
488 2118 637 2187 semper
658 2105 699 2168 ut
723 2100 840 2168 oratio
878 2118 992 2186 quam
1016 2100 1169 2168 cuilibet
1188 2118 1269 2186 per·
1301 2108 1307 2153 ¹·

210 2243 316 2295 sonae
345 2225 583 2312 affingebant,
614 2227 698 2293 talis
731 2231 843 2312 esset,
883 2244 958 2294 non
991 2226 1113 2312 qualis
1141 2244 1269 2294 revera

210 2353 356 2438 fuisset,
379 2352 446 2420 scd
470 2352 593 2437 qualis
626 2370 711 2420 esse
740 2352 917 2420 debuisse
946 2353 1038 2439 ipsis
1066 2353 1267 2422 videretur.
1304 2399 1306 2415 .

212 2477 332 2558 Quam
352 2477 605 2562 componendi
629 2478 811 2545 rationem
832 2496 873 2545 se
893 2478 1046 2546 inivisse
1055 2477 1189 2546 fatetur
1209 2478 1269 2545 his

210 2603 347 2690 verbis,
374 2622 460 2688 quae
480 2603 607 2670 locum
627 2622 741 2690 supra
761 2604 913 2671 allatum
933 2604 1151 2690 excipiunt¹‚
1175 2604 1271 2671 Thu-

210 2729 375 2815 cydideS‚
410 2729 655 2814 gravissimus
670 2725 870 2816 scriptor:
914 2759 925 2788 ν
953 2736 998 2799 Ὡς
1016 2733 1073 2790 δ’ἃν
1088 2734 1188 2791 ἐδόκουν
1212 2734 1270 2810 ἐμοὶ

210 2852 308 2906 ἕκαστον
328 2853 383 2922 περὶ
402 2857 451 2905 τῶν
470 2847 508 2904 ἀεὶ
526 2851 656 2923 παρόντων
685 2852 715 2906 τὰ
744 2854 830 2906 δέοντα
858 2852 963 2924 μάλιστ’
986 2849 1070 2926 εἰπεῖν,
1099 2851 1213 2926 ἐχομένῳ
1233 2851 1270 2908 ὅτι

210 2955 331 3031 ἐγγύτατα
346 2964 388 3027 τῆς
403 2957 530 3030 ξυμπάσης
545 2961 645 3031 γνώμης
659 2964 708 3012 τῶν
725 2955 822 3028 ἀληθῶς
840 2960 990 3032 λεχθέντων,
1015 2960 1094 3022 οὕτως
1119 2960 1212 3030 εἴρηται
1230 2979 1243 3012 ν
1261 2974 1269 3032 ;

211 3085 335 3152 neque
362 3072 487 3135 tamen
511 3086 554 3135 ea
576 3073 633 3136 est
653 3068 794 3154 integra
822 3069 1035 3137 confessio:
1060 3086 1147 3136 nam
1172 3070 1271 3138 vide-

210 3199 272 3263 tur
300 3194 362 3261 ille
388 3193 537 3278 longius
562 3193 673 3260 etiam
696 3194 929 3279 processisse
955 3194 1130 3281 fingendo
1159 3200 1270 3283 atquc

212 3319 443 3405 notionibus,
465 3336 560 3404 quas
576 3318 622 3386 de
642 3337 869 3404 unaquaque
890 3320 1055 3388 oratione
1075 3339 1268 3408 compara·

209 3448 323 3529 verat,
345 3443 463 3512 multo
484 3443 616 3529 majori
632 3461 719 3511 cum
735 3444 903 3512 libertate
923 3464 1036 3514 usum
1051 3464 1147 3514 esse.

242 3569 411 3638 Habebat
420 3569 530 3654 igitur
539 3568 664 3637 Caesar
678 3570 929 3638 mentiendiin
941 3572 1172 3641 orationibus
1184 3590 1269 3640 auc·

210 3701 332 3781 tores3
364 3712 505 3779 eosque
522 3712 597 3762 non
623 3694 747 3762 solum
762 3695 862 3781 apud
877 3696 1027 3765 Graecos
1047 3698 1265 3787 reperiebat,

209 3834 341 3885 verum
352 3816 464 3884 etiam
475 3815 574 3902 apud
589 3816 779 3884 Romanos
789 3835 914 3885 rerum
927 3819 1140 3905 scriptores.
1158 3819 1266 3907 Nam,

211 3948 252 4011 ut
266 3942 359 4010 nihil
381 3941 427 4009 de
447 3940 581 4008 ceteris
606 3941 741 4028 dicam,
757 3960 844 4009 cum
864 3942 1018 4011 Caelium
1033 3946 1268 4033 Antipatrum

211 4069 250 4136 in
265 4065 467 4135 Atinatibus
483 4066 563 4133 suis
578 4066 776 4150 loquentes
796 4067 991 4136 induxisse
1011 4076 1168 4157 constet,
1190 4090 1267 4140 non

211 4193 403 4260 Romanos
432 4189 560 4276 modo,
596 4190 663 4256 sed
700 4209 852 4277 quoque
888 4192 1026 4262 Poenos
1058 4195 1154 4262 inter
1186 4214 1226 4263 se
1241 4200 1265 4282 ²,

209 4315 336 4403 ipsum
352 4333 416 4383 eas
432 4314 620 4382 orationes
631 4321 887 4384 commentum
898 4336 982 4386 esse
992 4318 1052 4384 vix
1064 4320 1266 4404 quisquam

240 4581 344 4634 ¹Thuc.
363 4584 387 4644 Ι,
405 4583 442 4636 ii.
460 4609 488 4622 -
505 4583 568 4632 ²0f.
586 4581 624 4636 H.
648 4584 731 4643 Peter,
749 4586 822 4638 Htrt.
839 4588 906 4638 νονν.Ι
920 4587 981 4642 rell.
1003 4587 1161 4642 ccxvlttt.
