3168 5180
631 545 808 618 ..77-

186 713 369 782 orationis
390 693 581 784 summam
603 711 735 799 paucis
755 711 814 780 his
833 710 958 779 verbis
979 710 1140 800 colligit:
1166 730 1183 772 «
1205 707 1251 776 Hi

187 863 204 902 «
228 839 445 927 (milites)....
469 838 588 907 abste
608 838 790 906 rationem
811 842 1022 924 reposcent,
1038 836 1116 923 qui,
1133 835 1171 931 si
1185 853 1251 922 per

188 969 266 1032 «te
295 965 416 1052 liceat,
452 964 661 1052 perendino
677 964 741 1038 ,die
768 980 856 1031 cum
884 962 1065 1049 proximis
1084 959 1252 1030 hibernis

188 1088 424 1174 «conjuncti
449 1105 692 1158 communem
712 1105 801 1156 cum
819 1086 975 1178 reliquis
1002 1086 1091 1156 belli
1120 1101 1253 1154 casum

188 1239 205 1277 «
232 1214 456 1301 sustineant,
479 1233 555 1284 non
576 1213 703 1300 rejecti
719 1218 755 1282 et
769 1213 921 1300 relegati
932 1214 1041 1300 longe
1057 1211 1103 1280 ab
1119 1209 1253 1280 ceteris

188 1363 205 1402 «
231 1345 296 1408 aut
310 1339 407 1408 ferro
424 1345 488 1408 aut
502 1339 599 1407 fame
615 1339 808 1408 intereant.
832 1363 849 1402 »

234 1464 297 1533 Eis
333 1465 527 1552 exemplis,
558 1484 645 1551 quae
679 1483 794 1551 supra
827 1464 1032 1552 attulimus²
1067 1463 1105 1531 id
1135 1478 1254 1530 unum

186 1591 390 1658 ostendere
420 1590 589 1658 animum
622 1589 853 1675 induximus
886 1589 1072 1659 Caesarem
1105 1604 1255 1656 summa

188 1733 280 1784 oum
308 1715 585 1801 opportunitate
608 1714 731 1782 valida
768 1731 917 1800 semper
949 1718 1178 1801 argumenta,
1212 1730 1257 1780 ex

188 1842 333 1928 quibus
360 1845 579 1909 constarent
602 1840 805 1926 orationes
827 1841 1026 1909 iuvenisse.
1054 1840 1259 1908 Potuerunt

188 1966 323 2035 eadem
349 1967 572 2035 occasiones
600 1966 781 2053 praebere,
812 1966 876 2034 ubi
906 1965 1163 2052 judicaremus
1183 1981 1258 2050 qua

189 2091 394 2160 calliditate
415 2093 630 2160 orationum
651 2098 775 2178 partes
795 2092 1034 2179 disposuerit.
1058 2091 1142 2160 Non
1157 2090 1258 2159 enim

191 2219 319 2287 solum
344 2235 503 2286 numero
533 2223 570 2285 et
587 2218 623 2285 vi
652 2219 778 2285 valent
805 2223 1034 2304 argumenta,
1057 2218 1123 2286 sed
1143 2216 1260 2286 collo-

191 2344 341 2412 catione
363 2347 573 2428 quoquest
607 2343 887 2428 conjunctione.
921 2343 1040 2424 Quam
1061 2343 1186 2412 Caesar
1205 2361 1261 2410 or-

192 2468 373 2537 dinandae
393 2466 574 2537 orationis
590 2472 706 2536 artem
726 2469 787 2556 ita,
806 2473 846 2537 ut
866 2469 1024 2556 singulae
1039 2470 1121 2555 ejus
1136 2473 1261 2555 partes

193 2612 272 2663 non
301 2593 508 2679 quemlibet
530 2594 669 2680 locum,
692 2577 760 2662 sed
780 2613 892 2662 suum
912 2594 1085 2680 habeant,
1110 2595 1260 2680 penitus

191 2717 344 2787 tenebat
361 2737 369 2803 3
394 2736 517 2803 neque
545 2724 620 2786 tam
640 2719 679 2785 in
704 2737 748 2786 ea
766 2738 807 2787 re
822 2721 977 2789 curabat
1004 2725 1045 2788 ut
1063 2721 1261 2789 doctorum

193 2844 397 2930 praeceptis
428 2843 636 2930 inserviret,
669 2862 785 2929 quam
818 2850 860 2913 ut
891 2863 1017 2914 rerum
1041 2845 1262 2914 couvenien-

193 2970 286 3040 tiam
307 2974 540 3054 sequeretur.
563 2969 719 3038 Duobus
746 2971 926 3057 exemplis
946 2972 1122 3039 adhibitis
1142 2971 1262 3039 decla·

197 3095 342 3165 rabitur
379 3095 503 3164 virum
542 3095 661 3182 ilium,
682 3095 883 3165 virtutibus
915 3115 1073 3184 prorsus
1105 3096 1266 3165 diversis

196 3220 410 3307 praeditum,
428 3239 504 3289 non
529 3221 648 3306 magis
681 3222 719 3288 in
753 3222 848 3308 acie,
879 3240 993 3308 quam
1026 3222 1260 3311 moratione,

193 3346 419 3416 instruenda
433 3345 680 3433 praestitisse3
713 3364 876 3432 quorum
905 3365 1024 3416 unum
1057 3349 1126 3417 erit
1144 3349 1263 3417 oratio

194 3473 388 3542 Divioonis
409 3474 566 3542 Helvetii
582 3475 629 3542 ad
650 3475 836 3544 Caesarem
851 3477 872 3563 ¹,
903 3477 1060 3546 alterum
1081 3476 1263 3546 Ambiori·

195 3598 252 3686 gis
272 3599 321 3666 ad
337 3598 454 3667 Cottae
469 3603 505 3668 et
524 3599 651 3668 Sabini
671 3599 812 3686 legatos
832 3602 949 3670 oratio
965 3597 989 3668 ².

241 3722 436 3810 Egregium
453 3723 676 3795 Caesarianae
696 3725 734 3792 in
755 3726 1000 3813 disponendis
1019 3727 1188 3813 partibus
1208 3747 1263 3797 ar-

196 3848 243 3916 tis
265 3849 432 3933 speciem
449 3851 663 3939 suppeditat
676 3852 867 3921 Diviconis
887 3855 1016 3941 oratio,
1038 3857 1210 3940 quamvis
1227 3862 1263 3926 et

197 3973 379 4043 mediocri
399 3977 448 4046 sit
467 3978 712 4064 amplitudine
733 3983 769 4046 et
800 3997 935 4048 manca
967 3980 1260 4070 quodammodo,

199 4099 355 4170 omissis
374 4102 527 4171 exordio
548 4108 659 4188 atque
678 4105 946 4190 propositione.
961 4108 1002 4175 ld
1021 4114 1146 4178 autem
1161 4125 1264 4176 exor-

200 4227 304 4295 dium
316 4245 435 4314 eaque
447 4231 801 4317 propositio,qualia
810 4233 948 4302 suerint
958 4254 1034 4304 non
1046 4236 1196 4305 difficile
1207 4241 1265 4305 est

199 4353 426 4439 intellegere.
450 4356 543 4424 Cum
564 4361 677 4442 enim,
696 4357 820 4443 priore
836 4366 988 4447 accepta
1003 4362 1120 4449 clade,
1136 4361 1264 4431 Divico

228 4615 236 4650 ¹
251 4617 271 4678 I,
289 4617 324 4679 13,
339 4617 353 4669 3
367 4631 421 4680 sqq.
439 4644 468 4654 -
480 4617 534 4680 Ν,
547 4618 583 4681 27,
594 4619 609 4670 2
620 4633 675 4680 sqq.
