3152 5168
547 536 549 542 ’
655 535 831 609 -29—

213 721 402 810 munera¹,
426 723 629 809 quamdam
645 723 761 791 fuisse
781 740 869 790 oum
894 721 1122 808 primoribus
1142 721 1270 789 Romae

215 850 534 936 conjunctionem,
562 854 598 918 et
617 849 775 918 Caesaris
804 849 978 917 inimicos
1003 854 1104 917 tanta
1127 848 1165 914 in
1184 863 1271 915 eum

215 977 279 1045 illo
298 981 466 1062 tempore
486 975 624 1043 invidia
646 974 843 1060 exarsisse,
866 978 907 1042 ut
930 974 1106 1042 credibile
1126 973 1174 1041 sit
1192 972 1273 1040 nul-

215 1103 291 1170 lam
315 1120 380 1170 eos
408 1120 484 1170 non
504 1101 658 1169 inivisse
686 1099 881 1186 rationem,
908 1117 982 1199 qua
1011 1100 1203 1168 hominem
1232 1117 1272 1166 se

216 1225 433 1294 sublaturos
449 1243 533 1293 esse
553 1229 756 1310 sperarent.

260 1351 333 1420 Sed
375 1351 547 1436 quamvis
591 1350 740 1418 abesset
781 1349 977 1437 evidentia,
1018 1350 1274 1436 suspicionem

215 1484 341 1547 tamen
360 1477 587 1546 haberemus
610 1477 802 1544 veritatem
827 1478 1037 1545 orationum
1062 1478 1107 1546 ab
1135 1495 1179 1545 eo
1212 1477 1275 1544 ali-

216 1601 369 1689 quando
396 1601 630 1690 immutatam
650 1618 746 1678 esse.
769 1600 936 1668 Primum
958 1601 1058 1670 enim
1077 1602 1274 1670 manifesto

218 1725 385 1812 arguitur
413 1728 755 1809 rerumgestarum
791 1727 982 1794 veritatem
1021 1744 1096 1794 non
1134 1725 1275 1810 ubique

218 1853 399 1938 integram
419 1845 649 1918 tradidisse².
685 1849 763 1918 Etsi
790 1852 1075 1920 concedendum
1095 1857 1152 1920 est
1175 1869 1276 1920 seve-

217 1977 297 2044 rius
332 1976 378 2044 de
413 1974 559 2043 Caesare
590 1975 775 2060 iudicium
804 1976 896 2045 illud
933 1978 1067 2046 secisse
1104 1978 1275 2047 Asinium

218 2102 439 2187 Pollionem,
463 2100 566 2186 quod
599 2100 710 2169 refert
729 2099 970 2171 Suetonius³:
996 2104 1169 2172 «Parum
1198 2105 1277 2173 dili-

219 2231 348 2315 genter
366 2244 576 2314 parumque
591 2226 732 2312 integra
745 2228 897 2296 veritate
917 2231 1148 2315 compositos
1164 2231 1278 2316 (Com-

221 2354 424 2435 mentarios)
450 2357 566 2439 putat,
583 2371 671 2420 cum
694 2335 819 2422 Caesar
836 2355 1026 2443 pleraque,
1051 2361 1087 2425 et
1105 2376 1191 2443 quae
1210 2377 1276 2446 per

221 2480 315 2547 alios
327 2483 433 2548 erant
443 2483 557 2564 gesta,
570 2483 709 2546 temere
718 2479 927 2567 crediderit,
936 2486 972 2548 et
982 2500 1142 2569 quaeper
1157 2501 1209 2570 se,
1219 2484 1277 2552 vel

223 2605 397 2672 consulto
411 2604 470 2672 vel
484 2603 595 2671 etiam
608 2604 1279 2693 memorialapsus‚perperamedide-

219 2730 307 2798 rit...
329 2754 361 2816 »,
378 2729 587 2815 praesertim
608 2729 671 2798 ubi
692 2729 730 2797 id
754 2730 800 2797 ad
819 2729 1096 2799 Commentarios
1116 2731 1156 2798 dc
1173 2731 1275 2800 Bello

222 2854 356 2924 Gallico
389 2854 517 2922 attinet
550 2853 752 2939 judicium3
792 2873 915 2940 neque
952 2856 1184 2925 credendum
1222 2863 1279 2926 est

222 2980 408 3050 Caesarem
426 2996 469 3046 ea
488 2978 605 3046 fuisse
622 2979 736 3046 animi
756 2980 962 3049 humilitate
983 2999 1102 3068 eaque
1124 2983 1278 3052 simula-

219 3107 334 3193 tione,
350 3106 421 3192 vel,
439 3110 480 3172 ut
499 3104 634 3172 melius
650 3104 784 3192 dicam,
803 3106 967 3194 stultitia,
985 3113 1027 3175 ut
1040 3109 1077 3174 in
1088 3108 1278 3196 plerisque

221 3231 336 3299 rebus
363 3231 409 3299 de
433 3230 619 3312 industria
638 3249 659 3298 a
679 3248 767 3299 vero
788 3233 1004 3318 recesserit3
1031 3239 1120 3302 sunt
1143 3236 1278 3306 nihilo-

221 3357 348 3424 minus
381 3356 614 3424 narrationes
650 3356 854 3443 nonnullae,
890 3358 954 3427 ubi
974 3377 1060 3427 eum
1082 3361 1120 3427 in
1148 3362 1278 3432 fraude

219 3481 463 3567 veritatisque
484 3481 726 3567 corruptione
746 3481 1074 3572 deprehendimus,
1096 3504 1184 3554 oum
1203 3507 1276 3576 res,

220 3607 279 3676 vel
310 3625 395 3693 quae
414 3606 668 3692 vituperandae
696 3613 834 3693 essent,
859 3609 917 3676 vel
941 3629 1026 3695 quae
1050 3630 1183 3698 parum
1202 3615 1278 3684 ieli-

222 3733 314 3801 citer
332 3738 458 3818 gestae,
482 3733 660 3818 singulari
681 3739 756 3800 arte
772 3739 868 3820 tegat
887 3739 998 3820 atque
1020 3738 1213 3809 obscuret:
1237 3747 1278 3810 ut

222 3863 280 3927 est
300 3859 362 3925 illa
382 3859 427 3926 de
448 3858 604 3927 adverso
628 3860 675 3926 ad
699 3859 916 3947 Gergoviam
936 3863 1068 3948 proelio
1085 3869 1274 3937 narratio.

224 3983 315 4065 Quis
345 3988 469 4050 autem
502 4003 578 4051 non
613 3986 827 4070 suspicetur
859 4005 958 4074 eum,
990 4007 1103 4074 quem
1132 3999 1279 4062 constat

223 4125 350 4175 rerum
373 4108 564 4176 veritatem
588 4126 861 4194 nonnunquam
895 4114 1121 4201 corrupisse,
1148 4119 1278 4188 oratio·

222 4239 315 4300 num
331 4250 483 4318 quoque
501 4234 643 4301 veritati
661 4235 736 4302 vim
756 4235 942 4326 intulisse,
962 4243 1170 4325 praesertim
1190 4260 1277 4312 cum

254 4489 261 4524 ¹
282 4491 426 4555 1‚l³.l.-
443 4495 453 4528 ²
471 4493 517 4553 (ti.
530 4493 562 4544 de
574 4494 644 4546 (laer.
655 4495 706 4545 fide
717 4495 746 4544 in
767 4496 836 4547 bello
849 4497 921 4552 Gall.
933 4500 1076 4551 enarrando
1089 4499 1197 4567 Kraner,
1208 4501 1277 4558 XXI

223 4585 267 4638 aq.
281 4572 335 4613 --³
354 4571 413 4623 Ooer.
426 4573 464 4626 56.
477 4601 506 4612 -
521 4575 532 4610 ⁴
546 4574 728 4640 vr1‚l³,aqq.
