3168 5180
668 495 713 506 -
734 454 780 526 95
801 494 845 509 ..

270 618 591 690 Consuetudinem
615 620 728 708 igitur
756 638 870 707 quarn
904 637 1037 691 omnes
1060 621 1098 691 in
1131 621 1287 692 historia

227 745 438 815 habuerunt
457 747 578 816 Graeci
593 747 789 834 Latinique
805 747 1020 835 scriptores
1041 753 1084 817 ut
1097 749 1285 820 orationes

226 871 263 938 in
280 890 406 941 rerum
427 874 638 943 narratione
653 874 874 961 insererent,
895 874 1014 943 tenuit
1031 875 1113 960 ipse
1132 894 1286 964 quoque

227 994 353 1065 Caesar
383 995 421 1063 in
453 995 722 1064 Commentariis
754 995 796 1064 de
830 995 931 1066 Bello
965 995 1111 1083 Gallico,
1147 1000 1286 1090 quippe

228 1140 315 1191 cum
335 1123 381 1191 ad
406 1141 489 1191 eam
512 1128 549 1192 et
568 1125 807 1211 superiorum
831 1124 1011 1210 exemplis
1030 1129 1067 1193 et
1085 1144 1167 1194 suae
1187 1123 1287 1193 utili·

228 1247 313 1316 tatis
328 1248 454 1317 studio
469 1249 637 1334 curaque
653 1248 911 1317 deduceretur.
927 1246 1119 1317 Consentit
1133 1249 1287 1335 quidem

229 1374 421 1460 plerisque
449 1374 564 1442 rebus
591 1375 673 1460 ejus
697 1374 791 1443 ratio
820 1392 907 1443 eum
930 1379 1140 1443 ceterorum
1169 1392 1286 1462 more,

150 1501 154 1506 '
230 1515 353 1584 neque
368 1517 502 1567 rursus
522 1499 677 1567 omnino
697 1497 829 1567 eadem
847 1503 915 1567 est.
938 1498 1019 1581 Qua
1041 1500 1142 1568 enim
1165 1499 1290 1568 Caesar

231 1625 461 1709 reliquarum
482 1640 608 1692 rerum
628 1624 810 1710 sapientia
830 1625 1036 1712 peritiaque
1051 1644 1118 1713 per
1136 1643 1287 1695 omnem

231 1752 343 1819 vitam
369 1751 553 1837 praestitit,
574 1750 637 1818 illa
662 1750 700 1817 in
720 1767 764 1817 ea
787 1768 940 1837 quoque
963 1769 1003 1820 re
1031 1757 1088 1820 est
1113 1770 1221 1840 usuS,
1255 1756 1292 1821 et

233 1877 450 1946 acutissime
465 1878 653 1962 perspexit
667 1875 759 1961 quid
774 1876 1222 1958 usitataeconsuetudinis
1237 1895 1292 1946 re·

231 2003 349 2072 tinere
368 2000 509 2088 liceret,
531 2000 622 2086 quid
644 2018 783 2068 novum
808 2018 852 2069 ec
872 2001 1061 2087 peculiare
1080 2002 1211 2071 ellerre
1231 2003 1292 2071 de·

233 2134 344 2198 ceret.
367 2127 551 2195 Praeterea
570 2126 767 2196 confirmat
785 2127 868 2195 haee
887 2127 1011 2214 operis
1030 2139 1118 2214 pars
1138 2128 1290 2221 optima,

233 2275 319 2343 quae
339 2255 386 2324 ad
401 2272 472 2322 nos
481 2256 741 2340 pervenerunt,
758 2252 804 2320 de
820 2251 978 2320 Caesaris
998 2252 1212 2338 eloquentia
1231 2272 1293 2323 an-

233 2383 416 2469 tiquitatis
427 2380 581 2466 iudicia,
598 2383 645 2465 et,
662 2382 703 2446 ut
722 2377 846 2446 callidi
873 2378 942 2446 viri
964 2377 1167 2447 sollertiam
1189 2379 1294 2447 lucu-

234 2509 333 2577 lente
357 2507 532 2593 declarat,
558 2507 608 2573 ita
631 2503 766 2592 egregii
789 2503 947 2572 oratoris
973 2504 1178 2591 ingenium,
1206 2507 1294 2572 atte-

236 2641 349 2705 nuata
381 2635 535 2721 quidem
566 2631 740 2702 consulto
782 2636 893 2716 atque
926 2630 1069 2715 obliqui
1103 2631 1292 2732 sermonis

235 2762 345 2849 quasi
364 2761 529 2830 tenebris
555 2759 777 2845 plerumque
801 2756 1012 2842 obscurata,
1041 2755 1108 2824 sed
1136 2754 1293 2842 pulchra

235 2893 359 2956 tamen
380 2905 424 2955 ac
439 2884 555 2954 nobili
575 2883 735 2970 imagine
755 2882 906 2951 indicat.

535 3102 537 3108 ¹
619 3127 687 3177 Vror
706 3135 744 3176 no
772 3132 907 3186 euenum,

467 3227 609 3279 Lururnu
635 3227 825 3284 Pammenem,
849 3231 882 3272 ru
912 3221 1057 3282 donnons,

405 3340 433 3383 Δ.
448 3341 474 3382 n.
489 3327 541 3378 Vll
555 3335 616 3376 unu
641 3332 768 3374 aarum.
781 3331 855 3371 auur
873 3316 1124 3377 uooonxxxm,
1140 3327 1142 3332 ·

561 3427 747 3476 Fnouurnrrs
769 3421 965 3471 errusauou

483 3528 689 3579 mucronum
711 3523 878 3571 Pamsruusr
898 3518 1045 3578 Dronuus,

1025 3617 1054 3664 Α.
1067 3609 1195 3665 HlMLY.

344 3733 430 3782 Trms
448 3736 628 3778 ununurou.

238 3837 406 3889 Acaunum
424 3831 606 3880 ansrnusrs
623 3821 744 3882 fluores,
803 3903 806 3908 Ι

520 3909 670 3975 dadano.
