3192 5176
742 523 897 591 „2-

293 683 454 778 Tacitus
481 688 742 776 multomagis
771 706 885 775 quam
914 678 1051 773 Caesar,
1073 690 1219 754 mentes
1246 685 1283 754 in
1309 702 1350 753 se

293 820 525 903 convertunt,
538 816 677 902 quippe
693 832 780 883 cum
797 814 984 883 orationes
998 812 1147 881 illorum
1164 812 1351 898 ejusmodi

291 941 378 1027 sint,
408 959 496 1026 quae
529 959 574 1008 ex
602 941 814 1009 narratione
838 939 1039 1025 emineant,
1064 937 1166 1006 velut
1192 946 1351 1022 gemmae

227 1044 232 1058 ⁸
289 1063 477 1151 quaedam,
505 1069 616 1150 atque
649 1063 881 1150 splendeant,
912 1062 1027 1148 hujus
1052 1066 1177 1129 autem
1205 1065 1349 1128 tantum

288 1205 365 1257 non
385 1207 534 1276 semper
557 1190 695 1257 lateant
714 1189 752 1256 in
778 1188 989 1256 narratione
1012 1191 1048 1255 et
1067 1185 1348 1273 quodammodo

288 1313 536 1384 dissimulatae
555 1315 641 1384 sint.
660 1315 854 1401 Plerisque
869 1315 981 1401 igitur
999 1313 1091 1382 satis
1111 1318 1168 1381 est
1182 1330 1246 1382 eas
1260 1330 1349 1400 pau-

289 1441 345 1509 ois
363 1439 487 1509 verbis
507 1439 672 1527 laudare,
694 1440 820 1509 habita
838 1439 1080 1528 potissimum
1099 1438 1242 1507 ratione
1262 1456 1349 1508 con·

288 1566 435 1634 tionum
463 1584 559 1651 quas
581 1565 707 1634 Caesar
730 1566 830 1652 apud
853 1565 1110 1667 militeswteeit,
1132 1582 1304 1652 quasque
1322 1565 1348 1633 ii

288 1689 458 1759 conferre
474 1689 596 1758 solent
610 1708 697 1758 oum
712 1689 882 1776 praeclari
898 1689 999 1758 illius
1016 1689 1250 1776 imperatoris
1265 1708 1348 1777 pro·

289 1815 601 1903 nuntiationibus,
627 1816 705 1902 qui,
731 1833 887 1884 avorum
911 1820 1128 1885 nostrorum
1151 1816 1345 1902 memoria,

288 1942 475 2011 Caesarem
490 1941 638 2009 militari
653 1941 763 2010 laude
779 1941 1075 2010 et-oonsiliorum
1091 1941 1347 2028 magnitudine

218 2155 220 2161 λ
288 2071 400 2153 atque
432 2066 651 2135 dominandi
684 2066 884 2152 cupiditate
918 2066 1091 2152 aequavit,
1122 2066 1346 2153 eloquentiae

288 2189 360 2258 alio
380 2197 537 2276 prorsus
565 2210 700 2279 genere
728 2192 867 2279 floruit,
895 2210 966 2262 neo
995 2197 1119 2261 tamen
1148 2190 1346 2260 minusad
1442 2232 1444 2237 ·

288 2315 578 2385 inflammandos
598 2316 758 2385 militum
778 2335 935 2387 suorum
960 2318 1106 2386 animos
1136 2334 1348 2385 accommo-

291 2440 388 2509 dato.
425 2440 518 2510 Cum
547 2447 669 2510 oetera
694 2443 874 2511 litteratos
901 2461 1084 2529 perquam
1115 2442 1277 2510 breviter
1311 2448 1347 2510 et

290 2567 506 2635 summatim
525 2567 648 2636 adhue
675 2568 839 2655 attigisse
867 2573 1025 2655 constet,
1053 2568 1172 2637 forma
1192 2567 1345 2654 quidem

289 2688 507 2779 excipienda
522 2697 591 2780 est,
611 2694 777 2779 quesere
797 2712 930 2762 omnes
946 2693 1071 2763 Caesar
1081 2694 1269 2762 orationes
1285 2712 1344 2762 ex·

288 2816 410 2885 hibuit
427 2835 617 2903 quamque
632 2819 883 2905 grammatioae
898 2819 1006 2905 periti
1022 2836 1237 2888 sermonem
1254 2819 1345 2904 obli-

289 2959 408 3028 quum
421 2948 557 3011 vocant
577 2962 584 3011 :
607 2943 720 3029 huJus
740 2944 887 3032 regulas
901 2945 1121 3031 planissime
1137 2945 1345 3014 declarave-

288 3073 387 3154 runt,
414 3068 506 3138 adeo
531 3074 572 3137 ut
602 3069 695 3138 mihi
715 3069 761 3138 de
780 3087 824 3138 ea
847 3087 886 3139 re
913 3070 1005 3138 nihil
1030 3088 1114 3140 esse
1141 3070 1344 3141 dicendum

287 3193 544 3279 judicaverim.

334 3320 463 3406 ltaque
499 3321 620 3390 tribus
647 3321 685 3390 in
718 3322 994 3409 quaestionibus
1026 3327 1102 3392 tota
1136 3323 1346 3392 versabitur

288 3445 488 3534 disputatio
508 3463 592 3515 mea
612 3465 619 3514 :
642 3449 763 3534 primo
783 3453 824 3516 ut
842 3448 1060 3534 investigem
1085 3453 1272 3534 quatenus
1285 3467 1346 3518 ve-

288 3571 446 3658 ritatem,
467 3571 506 3640 id
527 3575 596 3658 est,
613 3572 800 3640 orationes
819 3590 947 3641 revera
961 3573 1119 3660 habitaS,
1136 3574 1345 3660 exprimant

289 3697 478 3765 orationes
510 3702 707 3782 quaesunt
729 3697 767 3765 in
794 3696 1061 3766 Commentariis
1081 3697 1122 3765 de
1139 3696 1239 3765 Bello
1262 3698 1343 3768 Gol-

287 3821 370 3905 lioo;
386 3821 522 3890 deinde
537 3826 578 3890 ut
596 3840 780 3910 exponam
795 3841 871 3908 quo
891 3824 1063 3910 consilio,
1080 3824 1190 3910 ouius
1211 3824 1343 3893 utilita-

285 3947 333 4017 tis
352 3966 432 4035 spe,
454 3947 583 4016 adeas
604 3947 835 4017 adhibendas
857 3949 1042 4018 adductus
1066 3948 1178 4018 fuerit
1196 3949 1340 4034 Caesar3

286 4078 476 4162 postremo
501 4077 542 4142 ut
574 4073 828 4144 demonstrem
857 4093 920 4143 eas
953 4093 1029 4144 non
1058 4075 1230 4162 indignas
1258 4093 1343 4144 esse

288 4198 448 4269 oratoria
458 4197 520 4266 illa
530 4197 799 4286 facultate,qua
813 4199 999 4268 Caesarem
1016 4201 1215 4287 praeditum
1226 4200 1343 4268 luisse

287 4325 443 4394 seimus.
481 4321 555 4394 Cur
582 4323 857 4394 Commentarios
877 4324 918 4392 de
939 4324 1039 4394 Bello
1066 4323 1171 4394 Civili
1188 4325 1227 4393 in
1247 4325 1344 4394 hano

286 4449 580 4520 controversiam
599 4468 676 4519 non
704 4468 891 4540 vocarem,
912 4469 956 4521 ea
974 4469 1090 4520 eausa
1108 4450 1189 4538 luit,
1218 4469 1266 4520 ne
1291 4451 1346 4519 in·

286 4574 479 4664 vestigatio
495 4595 590 4666 mea,
613 4594 702 4648 oum
716 4577 829 4648 latius
842 4582 1048 4666 vagaretur,
1064 4577 1192 4647 minus
1207 4581 1344 4648 attenta
