3168 5180
639 531 850 606 -81-.

191 704 347 790 quidem
364 704 562 790 sententia,
585 704 632 771 ad
649 703 809 771 salutem
826 702 946 787 ducit;
968 701 1169 787 inspiciant
1189 700 1263 788 ipsi

190 830 342 899 idemne
358 830 431 912 sibi
450 812 632 897 videatur.
644 824 803 898 Vixdum
821 832 946 915 autem
965 827 1261 913 propositionem

191 956 294 1023 illam
328 954 547 1042 enuntiavit,
578 970 667 1022 cum
700 953 911 1040 perorando
934 969 1088 1044 operam
1112 953 1175 1020 dat
1208 968 1264 1020 se·

194 1080 298 1167 dulc,
320 1085 362 1147 ut
380 1079 605 1165 insidiarum
626 1078 911 1164 suspicionibus
932 1096 980 1146 ne
994 1077 1170 1147 veniendi
1185 1075 1265 1162 qui-

193 1205 281 1272 dem
301 1205 339 1271 in
354 1209 501 1272 mentes
519 1210 670 1290 tempus
690 1203 874 1272 concedat
893 1209 929 1272 et
948 1204 1128 1272 orationis
1149 1201 1263 1270 fidem

193 1331 414 1399 corroboret
442 1335 554 1416 atque
581 1334 733 1416 augeat3
756 1348 920 1415 namque
949 1330 1154 1398 admodum
1180 1346 1264 1414 pro·

192 1456 340 1525 babilas
374 1474 509 1525 causas
542 1455 682 1542 profert
706 1473 774 1523 cur
797 1456 989 1524 Romanos
1016 1455 1063 1524 ad
1094 1454 1263 1542 proficis-

194 1582 361 1650 cendum
381 1581 563 1667 hortetur,
580 1581 725 1648 scilicet
744 1580 903 1649 civitatis
926 1599 1007 1649 suae
1025 1581 1193 1649 hibernis
1212 1580 1262 1648 le·

192 1705 329 1774 vandae
350 1705 518 1774 studium
538 1711 574 1774 et
601 1711 747 1792 gratum
767 1723 853 1793 erga
872 1706 1059 1775 Caesarem
1078 1707 1261 1777 animum.

196 1829 319 1912 Quam
355 1831 563 1900 orationem
597 1836 675 1900 arte
710 1831 795 1900 ideo
832 1832 951 1918 magis
991 1831 1179 1899 laudanda
1209 1831 1263 1897 in·

195 1956 332 2025 struxit
363 1961 475 2042 atque
509 1954 706 2043 ordinavit}
721 1956 858 2042 Caesar,
893 1956 996 2042 quod
1029 1975 1112 2024 eam
1132 1961 1261 2042 artem,

197 2083 366 2151 adhibita
394 2084 558 2169 quadam
577 2084 687 2169 quasi
707 2083 932 2153 confusione
946 2103 990 2153 ac
1009 2085 1130 2173 turba,
1152 2085 1264 2153 dissi-

196 2208 366 2277 mulavit.
399 2209 525 2279 Unum
541 2209 641 2277 enim
674 2208 972 2279 confirmationis
1002 2215 1265 2296 argumentum

196 2335 235 2421 (a
256 2333 349 2401 Esse
371 2333 500 2402 Galliae
519 2351 722 2402 commune
751 2335 977 2402 consilium:
1002 2335 1180 2403 omnibus
1212 2334 1266 2402 hi·

199 2487 218 2528 «
238 2463 369 2532 bernis
398 2463 558 2533 Caesaris
587 2464 849 2564 oppugnandis
877 2464 981 2532 hunc
1012 2483 1098 2533 esse
1122 2464 1265 2533 dictum

197 2615 216 2652 «
237 2589 351 2676 diem,
373 2608 512 2675 nequa
529 2590 626 2676 legio
647 2590 771 2680 alterae
791 2589 928 2676 legioni
948 2590 1119 2658 subsidio
1139 2589 1267 2658 venire

200 2738 219 2777 «
239 2718 370 2800 posset
390 2717 420 2800 »)
439 2715 703 2802 praeparationi
719 2715 955 2802 interposuit,
973 2716 1132 2784 alterum
1146 2715 1178 2798 (a
1194 2715 1269 2783 Ma·

202 2863 220 2901 «
242 2857 354 2926 gnam
378 2857 535 2908 manum
556 2840 830 2908 Germanorum
846 2842 1074 2910 conductam
1093 2841 1268 2909 Rhenum

202 2979 220 3018 «
241 2955 451 3025 transisse:
473 2957 572 3024 hanc
587 2956 703 3025 affore
721 2957 863 3044 biduo),
886 2981 903 3020 »
925 2959 1117 3026 enuntiata
1135 2975 1271 3044 propo-

200 3080 338 3150 sitione
354 3081 383 3166 («
400 3081 565 3168 Monere,
587 3100 694 3152 orare
713 3083 896 3151 Titurium
918 3102 986 3170 pro
1020 3083 1197 3170 hospiti0,
1228 3088 1270 3154 ut

202 3229 221 3270 κ
242 3224 323 3275 suae
334 3224 377 3276 ac
392 3207 555 3276 militum
570 3208 682 3277 saluti
693 3209 867 3277 consulat
878 3208 921 3296 »),
937 3214 1019 3277 tum
1035 3210 1188 3278 demum
1207 3208 1270 3277 ad-

198 3331 306 3418 jecit3
320 3350 408 3402 mox
417 3334 716 3420 propositionem
727 3333 951 3405 clarioribus
961 3335 1086 3404 verbis
1101 3333 1271 3422 repetivit

201 3456 232 3542 («
253 3457 427 3543 Ipsorum
456 3476 541 3527 esse
570 3459 784 3546 consilium,
814 3460 1020 3528 velintne...
1047 3461 1205 3530 eductos
1225 3478 1271 3530 ex

203 3605 221 3645 «
244 3582 414 3652 hibernis
433 3585 571 3653 milites
591 3590 656 3668 aut
674 3586 721 3654 ad
741 3585 961 3655 Ciceronem
990 3587 1121 3655 autad
1144 3585 1272 3656 Labie

204 3733 222 3771 «
244 3725 337 3777 num
358 3710 544 3780 deducere
565 3711 609 3796 »),
641 3729 815 3797 novoque
845 3717 1065 3798 argumento
1086 3711 1270 3797 quodam-

203 3835 319 3903 modo
335 3835 581 3924 confirmavit,
604 3855 691 3906 cum
711 3837 957 3906 hibernorum
978 3839 1129 3907 illorum
1146 3837 1273 3906 vicini·

203 3965 318 4028 tatem
339 3961 571 4031 demonstret
590 3975 621 4048 g«
647 3982 811 4049 quorum
841 3965 933 4032 alter
956 3965 1073 4032 millia
1087 3981 1272 4051 passuum

204 4107 223 4150 a
244 4087 393 4156 circiter
420 4088 705 4175 quinquaginta,
732 4090 824 4158 alter
842 4091 954 4176 paulo
975 4090 1137 4177 amplius
1157 4089 1203 4159 ab
1223 4089 1270 4157 iis

204 4233 223 4272 «
249 4211 411 4299 obsiti).
434 4214 540 4281 Hanc
565 4214 842 4301 confusionem,
863 4216 921 4284 vel
935 4216 1062 4302 potius
1081 4214 1270 4285 confusio

202 4336 263 4406 nis
277 4339 460 4426 speciem,
470 4357 515 4409 eo
532 4339 692 4408 consilio
706 4340 877 4408 adhibuit
889 4340 1026 4428 Caesar,
1036 4346 1078 4409 ut
1091 4340 1271 4410 sollicitu-

204 4463 304 4532 dinis
318 4469 430 4550 atque
446 4465 704 4552 trepidationis
716 4465 1008 4554 simulationem,
1026 4485 1101 4552 qua
1120 4466 1273 4535 creden-

209 4589 300 4657 dum
324 4595 382 4658 est
404 4589 658 4677 Ambiorigem
678 4608 791 4659 usum
811 4609 909 4679 esse,
932 4593 1068 4662 melius
1093 4591 1274 4679 exprime

1127 4722 1145 4782 o
