3168 5180
784 481 963 550 ..43-

341 641 537 728 provincia
560 647 728 731 egerunt,
748 645 904 733 quique,
929 645 1021 712 dum
1045 634 1107 712 ille
1132 643 1288 712 Galliam
1307 645 1404 714 obti-

256 819 258 824 .
342 769 435 854 nuit,
470 767 600 854 iniqua
627 768 769 854 iudicia
796 771 842 840 de
863 771 1067 858 provinciae
1095 769 1402 840 administrandae

341 893 484 962 ratione
503 892 674 961 lecerunt
697 899 809 980 atque
829 896 1062 982 evulgarunt,
1085 899 1121 964 et
1142 912 1305 980 quorum
1334 895 1403 963 cri-

340 1017 443 1085 mina
466 1017 567 1085 haud
593 1019 707 1088 dubie
726 1020 838 1088 refert
855 1009 1096 1090 'Suetonius¹:
1122 1041 1138 1085 τ(
1167 1019 1245 1088 Νεο
1265 1020 1401 1090 deinde

341 1165 357 1208 α
384 1143 663 1228 (posthabitum
679 1163 767 1213 cum
782 1146 961 1232 Pompeio
976 1151 1013 1214 et
1028 1145 1163 1214 Crasso
1179 1145 1291 1214 Lucae
1311 1146 1400 1213 anni

340 1293 357 1332 ο
381 1265 505 1336 69856
517 1287 649 1338 mense
662 1271 767 1357 aprili
783 1271 1027 1357 colloquiuml
1038 1271 1114 1338 ulla
1128 1271 1216 1340 belli
1232 1271 1398 1340 occasio-

339 1417 356 1462 α
381 1413 441 1482 ne,
458 1413 505 1464 ne
521 1395 651 1480 inJ‘usti
667 1397 821 1482 quidem
841 1402 877 1464 et
891 1397 1093 1482 periculosi
1114 1397 1304 1483 abstinuit,
1321 1401 1398 1464 tam

339 1545 355 1583 «
381 1520 572 1588 foederatis
592 1539 707 1608 quam
730 1521 876 1590 infestis
902 1541 946 1591 ac
975 1523 1063 1590 feris
1091 1521 1265 1610 gentibus
1298 1523 1396 1590 ultro

338 1646 576 1715 «lacessitis.
601 1667 618 1710 i>
645 1646 736 1728 Quae
762 1647 916 1734 majoris
941 1651 1160 1717 senatorum
1184 1648 1332 1715 numeri
1355 1649 1396 1717 in

335 1773 521 1844 Caesarem
541 1789 650 1840 mens
665 1772 787 1860 luerit,
809 1773 1020 1842 ostenditur
1039 1774 1106 1861 eis,
1129 1793 1215 1860 quae
1231 1792 1396 1860 sequun-

334 1901 394 1967 tur
413 1890 487 1985 illa,
508 1899 648 1968 verbis:
674 1899 813 1969 «Adeo
835 1893 880 1967 ¹ut
903 1905 1057 1969 senatus
1081 1901 1274 1986 quondam
1295 1901 1395 1987 lega-

335 2047 351 2091 r
377 2030 436 2094 tos
452 2025 499 2092 ad
518 2025 790 2112 explorandum
809 2030 948 2094 statum
968 2026 1170 2095 Galliarum
1190 2026 1394 2096 mittendos

333 2171 351 2216 ο
378 2151 665 2220 decreverit...»
692 2151 864 2239 Quidam,
892 2170 1056 2237 quorum
1085 2153 1161 2221 dur
1188 2159 1267 2221 erat
1290 2152 1391 2240 Cato,

333 2275 492 2346 saeviora
518 2277 755 2346 decernenda
779 2295 864 2346 esse
893 2278 1113 2346 censebant:
1139 2303 1155 2340 «
1228 2277 1282 2346 Ac
1302 2297 1394 2346 non-

334 2403 469 2471 «nulli
507 2403 722 2472 dedendum
759 2421 847 2470 eum
889 2403 1063 2471 hostibus
1105 2407 1340 2472 censerent².
1374 2425 1391 2468 b

331 2525 510 2598 Eamdem
535 2528 672 2598 Caesari
693 2529 888 2596 adversam
917 2528 1134 2615 opinionem
1154 2529 1265 2596 tradit
1283 2527 1389 2596 Dio³:

331 2673 343 2706 α
365 2652 466 2724 Καῖσαρ
486 2651 512 2704 δὲ
531 2646 591 2724 εῧρε·
605 2651 647 2723 μἐν
668 2649 738 2706 οὐδὲν
758 2649 782 2705 ἐν
803 2655 831 2723 τῇ
853 2651 967 2721 Γαλατίᾳ
989 2652 1118 2723 πολέμιον,
1140 2647 1206 2705 ἀλλὰ
1224 2653 1265 2705 καὶ
1283 2647 1390 2722 diplom

331 2781 343 2809 α
364 2758 444 2812 πάντα
458 2759 591 2830 ἡοᾶχαζεν·
613 2757 640 2810 oi
663 2758 745 2828 μέντοι
764 2759 805 2811 καὶ
824 2753 848 2811 ἒν
871 2753 953 2830 εἰρήνῃ
974 2759 1102 2831 διεγένετο,
1118 2753 1236 2811 ἀλλὰκαὶ
1252 2756 1392 2829 αὐτομάτου

331 2887 343 2919 α
364 2866 392 2920 τὸ
414 2871 513 2937 πρῶτον
533 2865 642 2936 πολέμου
663 2863 727 2928 τινὸς
753 2862 820 2937 αὐτῷ
844 2864 981 2936 ουμὸάντος
1000 2865 1081 2935 ἔτερος
1101 2865 1236 2937 συνηνέχθη
1259 2856 1393 2926 »Pote-

328 2987 433 3050 ratne
468 2980 592 3049 Caesar
620 2981 738 3066 magis
769 2981 870 3067 justa
903 2985 939 3048 et
980 2979 1116 3049 idonea
1149 2981 1391 3050 excusatione

329 3106 564 3195 optimatium
585 3105 865 3174 criminationes
899 3104 1111 3191 defendere,
1128 3104 1267 3191 quippe
1287 3123 1388 3193 cum,

327 3232 637 3301 insimulantibus
665 3231 738 3299 illis
767 3232 894 3319 ipsum
921 3230 1091 3300 barbaris
1123 3247 1200 3299 non
1226 3231 1390 3318 legitima

325 3356 424 3427 bella
438 3356 589 3442 injussu
605 3362 758 3424 senatus
768 3355 1236 3442 in,tulisse,demonstraret
1247 3347 1389 3424 bellurn

325 3481 513 3568 Ariovisti,
544 3483 648 3567 quod
677 3486 888 3550 ceterorum
918 3481 1089 3550 omnium
1116 3483 1218 3568 origo
1241 3480 1387 3568 fuisset,

327 3625 370 3675 ea
389 3607 551 3674 maxime
566 3625 681 3675 causa
699 3587 921 3693 susceptum
941 3624 1039 3692 esse,
1056 3624 1103 3674 ne
1127 3609 1281 3673 senatus
1301 3622 1390 3673 con,-

327 3731 425 3800 sulta
451 3731 554 3799 irrita
577 3731 711 3800 fierent
727 3732 744 3800 ἱ)
762 3732 902 3816 ltaque
931 3731 1068 3816 inquo
1096 3731 1226 3798 ordine
1252 3728 1389 3816 gravis-

327 3857 433 3924 simae
471 3856 773 3946 adversariorum
806 3856 844 3922 in
880 3873 967 3924 eum
1001 3854 1262 3924 contentiones
1296 3858 1387 3921 ortae

325 3985 442 4067 erant,
464 3981 635 4066 eJ'usdem
652 3981 795 4050 ordinis
816 3999 856 4048 se
872 3980 1055 4049 fautorem
1071 3979 1259 4067 dignitatis
1275 3984 1386 4064 atque

326 4105 557 4174 auctoritatis
573 4107 630 4191 adj
637 4111 782 4175 utorem
799 4105 931 4174 callide
947 4106 1157 4191 effingebat.

368 4231 494 4298 Talem
517 4230 629 4317 igitur
655 4231 747 4299 civis
772 4231 938 4318 speciem
962 4230 1194 4300 orationibus
1219 4224 1388 4295 exhibuit

326 4356 469 4443 Caesar,
492 4357 740 4443 inspiciamus
757 4374 859 4424 nunc
879 4357 1028 4441 qualem
1045 4354 1280 4442 imperatoris
1295 4353 1387 4420 ima·

348 4553 360 4589 ²
377 4554 456 4617 aaa,
472 4553 511 4606 it
525 4578 555 4591 -
567 4555 578 4589 ²
590 4552 635 4605 Of.
647 4553 720 4606 Plut.
739 4553 804 4609 Crat.
820 4554 868 4618 22,-
883 4553 939 4608 eat.
951 4556 1015 4606 mio.
1027 4553 1065 4606 sl.
1080 4553 1132 4592 -3
1148 4549 1363 4611 mutual.
