3152 5168
733 519 918 592 ,-6-.-

308 683 435 754 omnia
454 680 617 752 militum
634 679 768 749 virtute
787 680 991 748 attducum
1015 680 1160 766 peritia,
1182 681 1300 751 multa
1319 683 1336 752 l
1353 721 1368 733 ·

307 809 444 880 cultata
464 810 656 876 oratorum
675 810 826 890 peracta
845 797 930 873 esse
950 804 1192 874 manifestum
1207 812 1275 876 est.

351 933 417 1002 Est
434 937 559 1002 autem
574 931 647 1000 hoc
661 930 762 1017 apud
777 929 930 999 Graecos
950 930 1218 1017 Romanosque
1238 951 1363 1004 rerum

306 1059 509 1146 scriptores
529 1057 568 1125 in
587 1073 692 1124 more
706 1055 885 1142 positum,
902 1061 944 1124 ut
963 1074 1039 1125 non
1060 1057 1184 1126 solum
1204 1077 1259 1146 ea,
1277 1079 1364 1146 quae

304 1189 408 1272 gesta
440 1186 547 1270 sunt,
582 1173 767 1266 enarrent,
797 1180 864 1248 sed
901 1180 1013 1249 etiam
1051 1182 1302 1271 orationibus,
1330 1185 1364 1253 si

304 1309 456 1396 quando
470 1308 579 1377 locus
594 1307 715 1392 datur,
731 1305 984 1375 narrationem
999 1306 1240 1394 distinguant.
1254 1309 1363 1392 Quod

303 1434 511 1523 principem
543 1450 589 1501 ex
614 1431 792 1501 omnibus
821 1430 957 1499 iecisse
984 1431 1240 1519 Thucydidem
1266 1434 1360 1506 salso

301 1561 455 1648 quidam
497 1558 722 1628 existimant.
758 1555 1009 1643 Reperiuntur
1037 1559 1138 1627 enim
1172 1560 1360 1631 orationes

302 1685 403 1773 apud
418 1684 649 1754 Herodotum
669 1682 793 1769 etiam,
820 1686 964 1769 patrem
983 1682 1164 1771 historiae,
1182 1690 1223 1754 ut
1241 1686 1292 1754 ait
1306 1687 1361 1756 Ci-

301 1829 388 1880 cero
408 1817 437 1895 Ι;
459 1827 582 1894 neque
603 1807 816 1876 Herodotus
836 1824 977 1875 novum
1006 1807 1044 1875 id
1069 1813 1181 1895 atque
1205 1810 1361 1880 inusita-

300 1939 380 2004 tum
399 1934 613 2020 exemplum
632 1932 872 2001 introducere
892 1951 1009 2001 ausus
1030 1939 1108 2020 est3
1134 1935 1202 2004 sed
1225 1936 1361 2006 Home-

303 2078 388 2130 rum
403 2064 558 2129 secutus
578 2063 636 2128 est
650 2058 799 2144 ducem,
810 2057 875 2144 qui
889 2058 1002 2126 vitam
1023 2059 1143 2145 ipsam
1159 2060 1260 2131 illius
1276 2069 1360 2132 aeta-

294 2187 350 2255 tis
372 2191 408 2256 et
433 2185 692 2274 quotidianam
717 2183 916 2272 hominum
938 2187 1253 2256 consuetudinem
1279 2190 1360 2261 imi-

298 2317 397 2381 tatus
411 2316 500 2380 erat.
523 2311 695 2397 Namque
711 2309 810 2396 apud
831 2309 983 2378 Graecos
1004 2327 1159 2397 magnas
1178 2311 1355 2398 jamtum

291 2437 512 2525 'eloquentia
539 2440 663 2524 partes
696 2435 927 2520 sustinebam
949 2434 1111 2522 majores
1130 2454 1219 2506 vero
1243 2439 1354 2508 etiam

295 2564 527 2651 temporibus
546 2560 808 2632 Themistoclis
827 2565 864 2629 et
886 2560 1053 2649 Periclis
1075 2563 1168 2633 adeo
1189 2569 1230 2634 nt
1251 2565 1354 2636 insti·

295 2665 399 2758 tutus
419 2690 466 2759 ab
490 2687 607 2776 epicis
625 2687 746 2775 poetis
768 2704 852 2756 mos
873 2685 1051 2756 Herodoti
1071 2665 1113 2757 et
1125 2689 1352 2778 Thucydidis

294 2814 462 2884 historiis
482 2831 559 2882 non
588 2815 823 2899 repugnaret,
854 2812 971 2881 immo
990 2813 1184 2900 aptissime
1207 2834 1353 2886 accom-

293 2940 467 3010 modatus
486 2943 598 3007 esset.
621 2936 740 3020 Quem
764 2937 898 3026 eodem
923 2937 1019 3026 pure,
1036 2939 1217 3024 quoniam
1235 2941 1352 3011 haud-

292 3082 484 3152 quaquam
498 3063 684 3132 minorem
696 3060 795 3148 apud
810 3061 993 3149 populum
1003 3062 1216 3134 Romanum
1231 3072 1351 3138 orato·
1433 3131 1435 3134 .

291 3209 351 3260 res
367 3189 559 3277 explevere
573 3187 707 3273 vicem,
725 3186 927 3272 scriptores
947 3204 1073 3256 rerum
1093 3188 1348 3262 Romanarum

290 3319 502 3400 tenuerunt,
524 3330 600 3382 non
623 3312 852 3381 recentiores
868 3311 1005 3399 solnm,
1029 3313 1094 3398 qui
1119 3319 1205 3401 post
1228 3317 1349 3389 Caesa·

291 3460 370 3511 rem
402 3446 594 3510 mortuum
622 3440 866 3526 scripserunt,
897 3456 1061 3524 quorum
1094 3457 1207 3527 opera
1235 3444 1346 3515 etiam

290 3587 392 3638 nunc
424 3568 546 3654 legere
578 3565 677 3653 licet,
706 3563 924 3634 Sallustium
960 3563 1045 3632 dico
1075 3568 1111 3633 et
1138 3565 1283 3638 Livium
1311 3577 1348 3640 et

287 3694 472 3779 Tacitum3
494 3690 692 3761 sedetiam
713 3694 869 3775 veteres,
897 3689 962 3774 qui
986 3694 1083 3782 ante
1101 3689 1287 3764 Caesarem
1307 3697 1346 3766 in

288 3820 444 3888 historia
465 3815 602 3885 versati
622 3818 723 3901 sunt,
745 3831 855 3900 quos
883 3813 1085 3900 deperditis
1104 3819 1249 3887 tantum
1268 3838 1344 3890 non

288 3937 443 4016 omnino
463 3944 530 4030 eia,
556 3959 643 4029 quae
672 3940 876 4026 ediderant,
907 3940 1059 4009 nomine
1086 3943 1204 4029 magis
1230 3963 1344 4032 quarn

288 4072 466 4161 operibus
483 4069 658 4138 novimus
673 4063 698 4134 ².
713 4067 856 4148 Horum
876 4065 977 4134 enim
995 4071 1139 4152 partem
1154 4071 1343 4143 orationes

279 4199 324 4268 'in
344 4196 530 4267 narrando
545 4193 764 4263 adhibuisse
784 4194 950 4260 constat:
973 4197 1015 4260 ut
1037 4191 1126 4262 Cato
1156 4196 1276 4283 major
1303 4200 1341 4268 in

286 4323 557 4416 posterioribus
583 4319 767 4410 cupreum
798 4318 903 4388 libris
936 4318 1131 4396 contiones
1160 4340 1263 4411 suae,
1300 4325 1339 4396 C.

317 4521 325 4554 ¹
342 4520 393 4570 Cic.
406 4521 446 4568 Dc
458 4517 530 4582 lep,
544 4517 565 4578 I,
577 4516 596 4568 l.
609 4541 638 4552 -
651 4514 711 4566 lot.
723 4515 756 4566 de
767 4515 886 4565 omnibus
898 4514 939 4565 his
948 4527 1033 4564 rarum
1043 4476 1211 4579 scriptoribus
1217 4519 1250 4573 H.
1258 4521 1340 4582 Pelet,

284 4601 482 4652 Historiam
495 4597 671 4648 Romanum
683 4594 826 4659 relliquiae,
841 4595 941 4658 Lipsiae.
956 4595 1023 4657 tatu
