3168 5180
661 575 838 646 ..67-

219 763 236 802 «
264 744 311 826 et,
333 737 514 825 quoniam
530 738 579 807 sit
597 740 757 808 sortunae
773 739 996 828 cedendum,
1014 739 1060 807 ad
1079 745 1277 828 utramque

219 883 341 934 «rem
379 883 420 934 se
449 864 523 933 illis
553 865 698 953 offerre,
738 884 806 934 seu
843 869 962 934 morte
991 884 1060 933 sua
1097 866 1277 935 Romanis

219 1006 235 1045 «
261 981 490 1068 satisfacere,
512 1000 580 1050 seu
603 983 729 1050 vivum
748 982 894 1050 tradere
913 982 1042 1076 velint,
1062 1005 1079 1044 »
1102 983 1149 1052 Ut
1167 983 1279 1069 igitur

217 1125 293 1176 non
314 1107 374 1174 sui
394 1125 523 1193 parem
538 1107 656 1176 fuisse
676 1108 1025 1194 Vercingetorigem,
1041 1109 1092 1175 ita
1107 1108 1279 1194 dignissi-

215 1248 322 1300 mum
343 1233 409 1319 qui
426 1252 447 1300 a
466 1251 508 1301 se
526 1224 752 1320 vinceretur,
774 1234 938 1301 declarat
953 1229 1106 1302 Casan

264 1358 355 1439 Quae
377 1376 466 1426 cum
489 1358 637 1442 itasint,
660 1358 797 1445 Caesar,
819 1377 934 1444 quam
948 1359 1046 1427 viam
1062 1359 1277 1446 superiores

216 1484 489 1571 monstrabant,
526 1469 717 1570 quamque
744 1485 972 1570 posteriores
1002 1485 1162 1571 ingressi
1188 1490 1278 1554 sunt

215 1608 319 1677 latini
346 1627 472 1678 rerum
497 1610 712 1696 scriptores,
735 1614 890 1678 secutus
910 1615 968 1678 est
995 1611 1033 1678 in
1053 1610 1276 1680 adhibendis

217 1735 464 1804 orationibus.
500 1734 591 1802 Eam
616 1735 717 1803 enim
751 1734 948 1803 utilitatem
970 1753 1014 1803 ex
1045 1736 1277 1805 orationibus

218 1861 421 1929 narrationi
441 1859 670 1946 interpositis
686 1865 935 1946 perceperunt
959 1860 1024 1946 illi,
1045 1867 1098 1949 ut,
1121 1863 1187 1948 qui
1207 1867 1278 1930 sta·

216 1991 279 2054 tus
292 2003 419 2054 rerum
430 1969 593 2072 quaeque
604 2003 853 2072 personarum
867 1986 1014 2055 indoles
1029 1987 1174 2075 luisset,
1186 1988 1278 2056 veri·

167 2182 171 2190 ,
218 2113 399 2180 similiore
428 2117 465 2180 et
488 2111 667 2206 viridiore
700 2111 828 2198 modo,
863 2112 1027 2181 inductis
1052 2114 1276 2201 oratoribus,

217 2240 470 2327 ostenderent,
483 2258 598 2326 quam
611 2239 698 2308 side
717 2239 777 2310 his
790 2239 905 2308 rebus
920 2240 992 2327 ipsi
1010 2242 1292 2321 locutiessent„

215 2364 312 2433 Illud
336 2370 461 2434 tamen
487 2364 673 2435 Caesarem
698 2365 794 2433 inter
817 2370 929 2451 atque
944 2370 1090 2435 ceteros
1109 2366 1275 2454 interest,

215 2491 320 2576 quod
353 2491 456 2558 hunc
492 2491 555 2559 ille
589 2491 831 2559 solummodo
865 2492 1076 2560 orationum
1112 2493 1277 2561 fructum

213 2616 399 2704 expetivit,
422 2616 558 2702 reliqui
573 2615 776 2702 quemdam
791 2621 972 2702 praeterea
991 2616 1119 2704 alium,
1132 2617 1277 2686 scilieet

215 2747 256 2810 ut
273 2761 369 2828 opus
391 2747 615 2811 exornarent
629 2741 860 2828 quibusdam
876 2743 985 2828 quasi
999 2743 1220 2830 luminibus,
1242 2749 1279 2812 et

215 2859 388 2927 oratoriae
404 2877 484 2926 suae
501 2857 687 2927 facultatis
702 2857 930 2926 documenta
944 2859 1147 2945 legentium
1164 2859 1278 2927 admi-

214 2985 349 3054 rationi
369 2984 592 3070 praeberent.
