3168 5180
667 542 844 613 ...M-.-

222 711 433 779 commodis
471 710 837 796 cogitationibusque
865 710 1026 778 maxime
1053 709 1281 795 conveniret,

221 835 255 905 ei
282 836 320 902 in
353 836 576 904 adhibendis
604 835 837 905 orationibus
863 835 983 904 fuisse
1010 837 1047 904 in
1072 840 1284 905 controver-

220 960 315 1029 siam
333 962 459 1029 vocari
476 978 551 1028 non
572 963 704 1046 potest.
728 959 820 1042 Quis
839 961 940 1031 enim
956 979 1032 1028 non
1052 961 1283 1031 animadver-

218 1085 261 1153 tit
276 1087 465 1154 orationes
480 1104 603 1170 neque
626 1085 756 1154 eadem
772 1085 994 1173 frequentia,
1012 1103 1136 1174 neque
1152 1087 1284 1173 ampli-

217 1216 347 1285 tudine
366 1217 497 1285 eadem
518 1233 717 1284 occurrere
737 1215 775 1284 in
800 1215 978 1285 omnibus
1000 1214 1279 1283 Commentario·

216 1341 516 1428 compartibus?
539 1340 722 1409 Praestent
743 1341 955 1410 orationum
983 1357 1142 1409 numero
1167 1345 1280 1427 atque

216 1467 460 1553 explicatione
480 1485 533 1534 eae
559 1465 652 1534 adeo
673 1466 918 1553 narrationes
936 1467 994 1534 vel
1010 1467 1075 1535 ubi
1091 1466 1280 1537 difficilior

215 1598 294 1661 erat
313 1593 451 1662 Caesari
466 1592 752 1661 accusationum
771 1590 956 1678 refutatio,
981 1591 1040 1660 vel
1065 1610 1109 1662 ex
1135 1593 1277 1678 quibus

215 1718 421 1787 maximum
452 1717 615 1786 fructum
639 1734 680 1785 se
704 1721 970 1803 percepturum
997 1717 1276 1804 adaugendam

212 1844 368 1930 gloriam
389 1862 498 1912 suam
514 1843 759 1912 existimabat.
782 1843 838 1911 Ne
857 1844 1026 1930 singulas
1041 1846 1275 1915 narrationes

212 1987 431 2057 persequar,
464 1969 573 2055 copia
596 1974 633 2036 ct
664 1969 832 2037 ubertate
856 1969 1068 2038 orationum
1095 1970 1179 2040 libri
1203 1973 1277 2057 pri·

211 2113 298 2164 mus
318 2101 355 2163 et
370 2096 554 2180 septimus
566 2094 663 2162 inter
678 2112 810 2163 omnes
826 2096 1022 2181 conspicui
1039 2101 1139 2164 sunt.
1158 2097 1274 2183 Cujus

210 2221 263 2290 rei
295 2239 411 2289 causa
433 2224 572 2306 praesto
597 2224 664 2287 est.
696 2219 845 2288 Primus
871 2220 972 2288 enim
998 2221 1092 2289 liber
1118 2240 1162 2290 cx
1194 2223 1271 2311 illo,

209 2347 394 2433 septimus
414 2365 458 2414 ex
475 2345 548 2414 boc
559 2346 815 2414 narrationum
830 2346 1043 2433 generibus
1056 2366 1142 2432 quae
1158 2350 1271 2418 modo

208 2472 461 2558 definivimus,
479 2475 636 2539 constat.
655 2470 703 2541 Ut
717 2471 905 2556 Helvetios
920 2490 986 2558 per
1010 2472 1271 2557 Sequanorum

206 2597 398 2684 regionem
427 2597 497 2666 iter
522 2596 675 2682 janq'am
706 2596 871 2665 facturos
901 2598 1126 2684 prohiberet,
1154 2604 1269 2685 utque

196 2722 435 2796 Ariovistum
477 2722 602 2790 Gallos
640 2723 913 2808 opprimentem
950 2727 1053 2791 trans
1093 2724 1267 2793 Rhenum

206 2865 294 2915 cum
315 2847 511 2915 Germanis
531 2846 633 2914 abire
658 2851 817 2933 cogeret,
834 2847 956 2933 primo
976 2849 1101 2918 statim
1120 2850 1267 2937 imperii

204 2991 316 3060 anno,
333 2972 507 3057 quamvis
522 2972 568 3050 ad
584 2991 644 3040 res
665 2972 851 3057 ejusmodi
866 2974 1049 3059 gerendas
1065 2975 1265 3061 imperium

203 3115 279 3167 non
304 3099 524 3183 accepisset,
546 3102 811 3182 tenereturque
840 3116 884 3166 ea
921 3099 1013 3187 lege,
1048 3119 1162 3186 quam
1183 3103 1264 3190 ipse

203 3224 338 3291 consul
358 3223 559 3309 toleratae
573 3223 823 3309 proconsules
839 3242 928 3291 curn
942 3227 1107 3295 exercitu
1123 3246 1168 3296 ex
1181 3248 1265 3315 pro·

202 3349 336 3418 vinciis
361 3347 583 3416 excederent
606 3351 642 3415 et
664 3347 875 3416 vicinorum
897 3352 1124 3436 populorum
1148 3355 1263 3424 rebus

202 3494 244 3544 se
272 3474 556 3560 immiscerentl,
578 3475 763 3542 adductus
786 3481 843 3544 est
871 3483 911 3543 ut
943 3479 1146 3564 provinciae
1166 3481 1262 3552 fines

200 3600 522 3687 transgrederetur
546 3603 581 3667 et
601 3600 767 3686 legiones
787 3601 937 3687 injnssu
958 3610 1112 3675 senatus
1133 3614 1262 3678 auctas

200 3727 238 3793 in
259 3726 415 3793 liberam
441 3725 598 3793 Galliam
621 3726 893 3795 intromitteret.
921 3728 1012 3810 Quae
1035 3731 1120 3800 fons
1149 3739 1261 3820 atque

200 3852 303 3938 origo
331 3829 603 3938 fuitomnium,
625 3870 711 3936 quae
738 3853 910 3923 insecuta
932 3862 1032 3944 sunt,
1059 3859 1257 3930 bellorum.

199 3975 345 4044 Etenim
368 3975 473 4062 Galli,
500 3982 701 4062 postquam
734 3979 1007 4070 intellexerunt,
1036 3984 1259 4054 introductis

199 4101 236 4167 in
253 4100 423 4186 ipsorum
443 4099 539 4168 fines
555 4101 714 4170 Caesaris
730 4103 941 4189 legionibus
958 4126 1080 4193 neque
1092 4111 1257 4180 reductis

196 4227 235 4296 in
255 4226 488 4314 provinciam
508 4231 594 4312 post
619 4228 786 4298 devictos
811 4232 1000 4302 Helvetios
1021 4241 1132 4321 atque
1151 4238 1257 4308 Ario-

195 4352 346 4438 vistum,
364 4352 431 4421 sed
447 4353 661 4422 constitutis
676 4354 714 4420 in
731 4355 847 4424 libera
862 4358 979 4432 Gallia
999 4361 1255 4438 Romanorum

224 4583 232 4617 ¹
246 4583 286 4636 cf.
299 4582 428 4650 Cic.‚1prc
440 4581 523 4646 doato,
536 4583 566 4645 95
580 4585 609 4634 ia
625 4585 751 4646 Pisonem,
770 4587 807 4639 tt.
