3168 5180
595 506 773 574 ..75-

148 674 374 760 Ambiorigis
403 671 588 740 mandatis
621 670 869 739 deliberatum
907 674 995 738 est⁴.
1028 668 1213 751 Quisnam

148 818 274 870 rerum
294 805 385 867 tunc
400 798 510 866 fuerit
520 802 639 866 status
651 813 784 864 omnes
800 800 995 864 noverunt.
1007 795 1211 882 Postquam

148 925 305 993 hiberna
333 925 540 1012 legatorum
565 921 769 1008 Ambiorix,
804 921 880 990 dux
909 921 1142 1006 Eburonum,
1165 921 1211 989 de

147 1050 353 1138 improviso
369 1050 523 1117 adortus
543 1048 680 1116 frustra
695 1047 933 1135 oppugnavit,
956 1052 997 1115 ut
1016 1046 1081 1114 fiat
1100 1047 1214 1115 collo·

146 1176 227 1264 quii
248 1177 356 1263 copia
380 1176 545 1262 postulat
564 1180 676 1260 atque
698 1175 883 1260 impetrat.
906 1173 1000 1241 Tum
1019 1173 1213 1242 Romanos

147 1303 259 1390 plena
278 1301 446 1387 perfidiae
466 1301 646 1386 oratione,
667 1300 714 1368 de
743 1318 818 1386 qua
845 1300 958 1386 paulo
979 1299 1076 1367 intra
1095 1298 1213 1368 disse-

142 1445 287 1513 remus
309 1427 478 1495 hortatur
497 1427 550 1494 uti
570 1430 693 1494 eastra
713 1419 984 1511 relinquant'et
1003 1424 1050 1492 ad
1066 1424 1212 1493 Cicero-

141 1552 206 1620 nis
235 1550 293 1620 vel
322 1550 475 1619 Labieni
502 1551 659 1618 hiberna
682 1555 861 1638 pergant3
889 1550 991 1635 quod
1015 1568 1058 1618 ea
1085 1554 1210 1618 mente

140 1677 245 1761 facit,
263 1683 314 1763 ut,
336 1676 470 1763 positis
486 1676 524 1742 in
546 1676 677 1744 itinere
697 1676 858 1762 insidiiS,
876 1675 1075 1761 impeditos
1096 1680 1211 1761 atque

140 1802 403 1887 imprudentes
432 1801 676 1887 aggrediatur.
709 1802 784 1868 Res
814 1801 986 1887 elegatis
1006 1801 1054 1868 ad
1083 1801 1207 1896 consi·

139 1928 236 1995 lium
256 1927 431 1996 defertur.
450 1927 554 1997 Cotta
569 1928 862 2013 compluresque
881 1927 1021 1996 tribuni
1042 1927 1205 1996 militum

138 2058 255 2139 atque
284 2054 525 2123 centuriones
552 2055 760 2140 primorum
780 2053 958 2122 ordinum
987 2072 1064 2122 non
1094 2055 1203 2123 dese-

138 2179 260 2247 renda
282 2178 439 2246 hiberna
463 2183 632 2265 censent,
655 2178 817 2248 Sabinus
843 2178 1082 2264 accipiendas
1117 2179 1206 2246 Am-

136 2304 295 2390 biorigis
315 2304 571 2373 condiciones.
601 2304 691 2372 Haeo
715 2300 869 2390 quidem
891 2305 1087 2392 sententia,
1114 2324 1206 2391 quo-

139 2429 244 2496 niam
269 2429 368 2515 vicit,
395 2448 417 2496 a
442 2429 589 2499 Caesare
622 2429 744 2498 fusius
777 2430 959 2516 explicata
987 2434 1055 2516 est,
1091 2430 1206 2499 altera

139 2555 293 2623 brevius
318 2554 499 2623 conclusa
511 2554 701 2642 {rationes
732 2574 832 2643 vero,
872 2573 1126 2642 quaecumque
1163 2557 1201 2624 in

139 2687 339 2766 utramque
363 2686 504 2767 partem
529 2683 587 2751 vel
611 2683 765 2769 prolatae
789 2683 941 2750 fuerunt
962 2682 1020 2750 vel
1044 2683 1201 2769 proferri

138 2811 353 2892 potuerunt,
364 2807 499 2876 retulit.
519 2808 622 2876 Cotta
637 2807 748 2894 igitur
763 2780 875 2894 atque
892 2808 930 2894 ii,
947 2807 1013 2893 qui
1028 2807 1200 2893 ejusdem

139 2935 231 3000 sunt
249 2932 437 3018 opinionis
457 2933 669 3019 participes²
688 2934 921 3002 contendunt
935 2933 1099 3020 primum
1118 2951 1201 3020 pro-

138 3059 340 3127 fectionem
359 3076 483 3143 neque
503 3058 585 3126 sine
609 3059 816 3127 temeritate
842 3076 967 3144 neque
986 3059 1198 3127 secundum

142 3185 300 3253 Caesaris
328 3185 437 3271 jussa
473 3184 554 3252 fieri
582 3203 717 3270 posse;
752 3185 888 3253 deinde
917 3184 1009 3252 nihil
1042 3202 1128 3253 esse
1160 3184 1198 3251 in

141 3327 244 3380 mora
263 3309 433 3396 periculi,
454 3326 542 3377 cum
562 3315 598 3377 et
616 3310 782 3378 hostium
801 3310 876 3378 vim
900 3309 1056 3379 munitis
1078 3310 1201 3379 biber·

26 3415 27 3421 ¹
144 3434 199 3501 nis
224 3435 411 3502 sustinere
444 3433 591 3501 valeant
618 3439 655 3501 et
678 3453 718 3502 re
742 3435 984 3504 frumentaria
1008 3454 1085 3504 non
1118 3453 1200 3522 pre-

142 3563 313 3644 mantur3
344 3563 525 3645 praeterea
558 3559 739 3645 subsidia,
761 3559 902 3644 perlato
932 3561 978 3628 ad
1010 3559 1197 3630 Caesarem

143 3685 266 3753 autad
286 3684 431 3769 reliqua
459 3684 616 3753 hiberna
644 3684 854 3754 obsidionis
874 3686 1019 3773 nuntio,
1037 3704 1197 3757 conven-

143 3813 244 3897 tura3
272 3814 476 3897 postremo,
499 3811 601 3895 quod
624 3791 888 3896 gravissimum
913 3816 969 3880 est
1002 3830 1196 3900 argumen-

144 3935 216 4001 tum
236 3935 415 4020 quodque
430 3934 514 4002 ideo
535 3935 715 4004 adfinem
741 3936 900 4004 servavit
926 3937 1062 4026 Caesar,
1088 3943 1195 4024 turpe

145 4075 221 4128 esse
242 4065 427 4129 «auctore
447 4060 556 4129 hoste
576 4061 621 4130 de
641 4064 802 4132 summis
822 4065 936 4134 rebus
958 4085 1092 4154 capere
1107 4086 1195 4136 con-

148 4187 360 4255 «silium»
395 4185 496 4254 Num
529 4192 593 4255 aut
619 4187 701 4257 aliis
725 4195 790 4257 aut
816 4191 1060 4261 validioribus
1089 4212 1195 4282 argu·

148 4312 271 4380 mentis
295 4331 339 4381 ea
364 4330 480 4380 causa
499 4312 648 4381 defendi
667 4315 819 4401 potuit‘?
853 4316 1005 4386 Minime
1027 4337 1128 4406 vero,
1146 4321 1192 4390 ab

174 4555 180 4588 ¹
195 4556 221 4618 V,
234 4557 262 4608 28
277 4572 331 4620 sqq.
