3168 5180
652 507 830 577 -g7..

208 676 386 764 giendum
414 674 628 742 necessario
662 692 746 743 esse
780 673 1089 760 comprobaverit.
1130 673 1269 744 Eadem

210 819 326 870 causa
352 799 560 885 eademque
585 803 662 866 arte
681 799 720 865 in
743 797 969 883 Ambiorigis
994 799 1161 868 oratione
1186 818 1271 887 pro-

208 926 434 1014 positionem
459 924 709 1010 adoptimum
734 928 883 1010 tempus
907 928 1134 992 reservatam
1156 944 1271 1012 supra

211 1051 563 1121 demonstravimus.
582 1049 829 1118 Refutationis
844 1049 920 1118 duo
936 1054 1026 1118 sunt
1037 1057 1268 1138 argumenta.

210 1178 378 1248 Primum
399 1177 500 1245 enim
525 1176 717 1245 contendit
741 1175 975 1261 Critognatus
997 1151 1165 1265 ignaviae,
1193 1197 1270 1248 non

210 1302 438 1372 fortitudinis
472 1302 741 1370 documentum
774 1317 860 1368 esse
888 1301 1096 1388 eruptionis
1127 1304 1272 1390 cupidi-

211 1451 322 1502 nem:
355 1450 442 1499 nam
468 1453 484 1497 a
511 1431 576 1517 qui
596 1449 638 1499 se
657 1431 754 1499 ultro
783 1430 894 1498 morti
920 1431 1088 1519 offerant,
1123 1433 1270 1503 facilius

213 1585 229 1624 «
254 1559 504 1648 reperiuntur,
517 1575 631 1644 quam
643 1557 707 1642 qui
723 1556 891 1625 dolorem
907 1557 1089 1644 patienter
1102 1559 1232 1629 ferant.
1251 1583 1268 1623 »

210 1686 392 1754 Brevitate
407 1683 638 1769 conspicuus
654 1686 711 1750 est
725 1681 787 1749 bic
806 1683 914 1750 locus
935 1683 981 1751 ad
1001 1687 1271 1756 sententiarum

209 1813 285 1880 vim
300 1817 336 1880 et
355 1810 570 1897 gravitatem
594 1808 874 1894 exprimendam
899 1809 1039 1895 optime
1061 1829 1272 1881 accommo-

211 1938 306 2007 data.
333 1936 475 2004 Deinde
504 1934 736 2002 demonstrat
758 1933 1009 2019 proditionem
1036 1937 1165 2023 patriae
1187 1956 1272 2007 sua-

211 2065 298 2133 dere
320 2081 398 2148 eoS,
416 2061 481 2147 qui
502 2059 737 2145 eruptionem
756 2059 926 2128 suadent.
946 2059 1065 2142 Quam
1088 2063 1270 2133 rationem

210 2191 303 2260 adeo
324 2187 532 2276 splendidis
548 2185 772 2254 elocutionis
787 2187 1017 2255 ornamentis
1037 2187 1209 2276 illustrat,
1231 2195 1272 2258 ut

209 2333 412 2403 nusquam,
434 2332 510 2382 non
535 2312 620 2380 dico
651 2312 696 2402 in
719 2310 1061 2382 Commentariorum
1098 2317 1272 2385 orationi·

209 2445 295 2529 bue,
322 2441 390 2510 sed
417 2441 455 2507 in
486 2455 722 2507 summorum
751 2442 941 2506 oratorum
966 2442 1126 2510 maxime
1145 2443 1271 2530 politis

210 2576 321 2656 atque
341 2566 515 2655 perfectis
540 2564 730 2650 operibus,
756 2564 964 2651 quidquam
984 2568 1271 2655 nagnificentius

210 2701 321 2781 atque
340 2693 474 2762 elatius
494 2689 647 2776 reperiri
662 2707 776 2776 posse
792 2690 992 2760 confidam.
1017 2715 1034 2758 a
1052 2693 1094 2762 In
1110 2696 1270 2766 consilio

211 2847 228 2886 «
253 2819 436 2907 capiendo
456 2833 606 2885 omnem
624 2815 779 2884 Galliam
798 2817 1058 2906 respiciamus
1082 2838 1197 2906 quarn
1224 2823 1271 2891 ad

210 2971 227 3010 «
253 2949 428 3014 nostrum
447 2940 627 3009 auxilium
644 2939 928 3008 concitavimus
947 2941 1056 3030 Quid,
1072 2944 1270 3013 hominum

211 3097 228 3134 «
252 3069 421 3140 millibus
438 3065 562 3134 LXXX
581 3083 657 3132 uno
686 3064 770 3133 loco
799 3065 1015 3153 interiectis
1045 3070 1270 3156 propinquis

151 3251 153 3255 ,
211 3224 227 3262 «
253 3191 622 3279 consanguineisque
643 3189 782 3258 nostris
802 3191 917 3258 animi
937 3191 1016 3261 fore
1035 3195 1268 3284 existimatis

210 3348 227 3387 «
255 3323 287 3391 si
313 3337 421 3408 paene
449 3318 488 3384 in
522 3315 615 3402 ipsis
649 3314 893 3385 cadaveribus
926 3319 1059 3404 proelio
1080 3301 1271 3391 decertare

210 3444 459 3533 «cogentur‘l
483 3442 605 3510 Nolite
625 3442 697 3510 bos
724 3447 849 3511 vestro
880 3445 1018 3514 auxilio
1047 3449 1267 3537 exspoliare,

210 3600 227 3639 «
252 3572 318 3659 qui
336 3575 471 3638 vestrae
491 3567 623 3636 salutis
648 3584 763 3634 causa
783 3585 896 3636 suum
916 3570 1129 3656 periculum
1149 3576 1271 3662 negle-

210 3699 397 3781 «xerunt
437 3711 507 3761 nec
546 3691 701 3760 stultitia
734 3710 777 3759 ac
812 3694 1017 3764 temeritate
1049 3703 1172 3767 vestra
1206 3707 1271 3770 aut

210 3849 227 3888 a
253 3821 368 3892 animi
378 3817 630 3887 imbecillitate
645 3834 797 3886 omnem
812 3818 968 3888 Galliam
983 3828 1220 3908 prosternere
1234 3831 1271 3894 et

209 3951 442 4036 «perpetuae
475 3940 643 4011 servituti
676 3942 911 4028 subjicere.»
941 3946 1087 4036 Nonne,
1118 3967 1270 4020 cumea

208 4075 369 4162 legimus
384 4070 654 4154 miramurque,
672 4067 864 4139 Ciceronis
880 4071 932 4139 illi
948 4071 994 4140 de
1015 4073 1161 4144 Caesare
1173 4076 1270 4162 judi·

207 4203 266 4271 cic
295 4196 517 4287 planissime
544 4194 798 4263 assentimur:
837 4221 854 4260 «
875 4197 1115 4285 Splendidam
1140 4223 1270 4290 quam.

210 4349 228 4394 «
254 4327 340 4396 dam
364 4294 595 4404 minimeque
620 4320 879 4390 veteratoriam
908 4325 1090 4395 rationein
1119 4329 1268 4399 dicendi

211 4477 227 4515 «
251 4453 394 4520 tenet...
413 4445 457 4512 »t
472 4443 569 4526 Quid
588 4443 768 4530 grandius
792 4421 991 4536 excogitari
1011 4457 1134 4537 potest
1152 4457 1266 4541 quam

203 4579 268 4648 illa
282 4575 478 4647 concitatae
492 4569 538 4638 ad
547 4586 650 4638 arma
661 4568 848 4658 Galliae,in
864 4575 1115 4657 cadaveribus
1124 4581 1263 4654 civium
