3152 5168
742 519 896 586 ..2-

292 678 454 772 Tacitus,
480 684 742 770 multomagis
769 701 884 770 quam
913 683 1051 768 Caesar,
1072 687 1218 750 mentes
1245 681 1283 748 in
1308 698 1349 749 se

292 816 526 897 convertunt,
537 811 677 896 quippe
692 828 780 878 eum
795 810 984 878 orationes
996 809 1147 876 illorum
1162 806 1350 892 eiusmodi

290 936 379 1021 sint,
408 954 496 1020 quae
528 955 574 1004 ex
601 937 814 1003 narratione
837 935 1039 1018 emineant,
1062 933 1165 1001 velut
1191 950 1349 1018 gemmae

226 1041 233 1052 ’
288 1059 477 1145 quaedam,
504 1064 616 1144 atque
648 1059 881 1144 splendeant,
911 1057 1026 1143 huJus
1051 1061 1176 1124 autem
1203 1062 1349 1123 tantum

287 1201 365 1251 non
384 1201 534 1269 semper
557 1185 696 1253 lateant
713 1185 752 1250 in
777 1184 989 1251 narratione
1011 1187 1048 1250 et
1065 1182 1347 1268 quodammodo

288 1309 536 1378 dissimulatae
555 1310 641 1378 siut.
659 1310 854 1395 Plerisque
868 1310 981 1396 igitur
999 1309 1091 1376 satis
1109 1313 1168 1376 est
1180 1326 1245 1375 eas
1259 1325 1348 1394 pau-

288 1436 344 1504 cis
362 1435 487 1504 verbis
505 1435 672 1520 laudare,
693 1435 820 1503 habita
838 1435 1079 1521 potissimum
1098 1434 1242 1502 ratione
1261 1451 1349 1501 eon·

287 1561 436 1630 tionum
463 1579 560 1646 quas
580 1560 706 1630 Caesar
729 1561 830 1646 apud
852 1561 991 1628 milites
1010 1560 1109 1646 tecit,
1130 1578 1303 1646 quasque
1321 1560 1347 1628 ii

287 1685 458 1754 conterre
473 1685 597 1753 solent
609 1703 697 1753 oum
712 1685 882 1771 praeclari
897 1685 999 1752 illius
1015 1684 1250 1770 imperatoris
1264 1702 1347 1771 pro

288 1809 601 1896 nuntiationibus,
626 1811 705 1896 qui,
730 1829 886 1880 avorum
911 1815 1127 1879 nostrorum
1150 1811 1344 1896 memoria,

287 1936 474 2006 Caesarem
488 1936 639 2004 militari
652 1937 763 2004 laude
778 1936 1075 2006 eteonsiliorum
1089 1937 1346 2022 magnitudine

288 2067 400 2147 atque
431 2061 650 2129 dominandi
683 2062 885 2148 eupiditate
917 2062 1091 2147 aequant,
1120 2061 1345 2148 eloquentiae

287 2185 360 2253 alio
379 2203 537 2273 prorsus
564 2204 700 2274 genere
728 2187 867 2272 floruit,
895 2205 966 2256 neo
993 2193 1119 2255 tamen
1147 2187 1275 2254 minus
1299 2185 1345 2253 ad

287 2310 578 2380 inflammandos
597 2312 758 2380 militum
777 2330 935 2382 suorum
958 2313 1106 2381 animos
1135 2329 1345 2380 accommo

290 2435 388 2505 dato.
424 2435 518 2505 Cum
546 2443 668 2505 cetera
694 2437 874 2505 litteratos
900 2455 1083 2524 perquam
1114 2437 1276 2505 breviter
1309 2442 1345 2504 et

289 2562 506 2630 summatim
524 2562 648 2631 adhuc
674 2563 838 2649 attigisse
866 2567 1025 2648 constet,
1052 2562 1172 2631 torma
1189 2562 1344 2648 quidem

289 2687 507 2775 excipienda
522 2693 590 2774 est,
610 2688 777 2774 quatere
796 2706 929 2757 omnes
945 2688 1071 2757 Caesar
1080 2689 1268 2757 orationes
1283 2707 1343 2756 ex-

288 2811 410 2880 hibuit
426 2831 617 2898 quamque
631 2813 883 2899 grammatica
897 2813 1006 2898 periti
1021 2830 1237 2882 sermonem
1253 2813 1344 2898 obli-

288 2955 409 3022 quum
421 2943 557 3006 vocant
576 2957 584 3005 :
606 2938 720 3024 huJ'us
739 2939 887 3025 regulas
901 2939 1120 3024 planissime
1135 2939 1345 3008 declarave-

288 3068 387 3149 runt,
413 3063 506 3133 adeo
530 3069 572 3132 ut
602 3063 694 3132 mihi
714 3063 760 3132 de
780 3081 824 3132 ea
846 3081 886 3132 re
912 3064 1005 3132 nihil
1028 3083 1114 3134 esse
1139 3064 1343 3134 dicendum

287 3187 545 3275 J’udioaverim.

334 3315 463 3401 ltaque
498 3315 620 3384 tribus
646 3315 686 3384 in
718 3316 993 3403 quaestionibus
1025 3320 1102 3385 tota
1134 3317 1345 3386 versabitur

288 3441 489 3529 disputatio
507 3458 592 3510 mea
611 3460 619 3508 :
641 3443 762 3528 primo
782 3447 824 3510 ut
841 3441 1060 3528 investigem
1084 3447 1271 3528 quatenus
1284 3461 1345 3512 ve-

288 3567 446 3653 ritatem,
466 3566 505 3635 id
526 3571 595 3652 est,
612 3566 800 3635 orationes
818 3584 946 3634 revera
960 3566 1118 3652 habitae,
1135 3568 1345 3654 exprimant

288 3693 477 3762 orationes
509 3709 596 3776 quae
616 3696 707 3760 sunt
728 3692 766 3758 in
792 3689 1060 3760 Contrueutnriis
1080 3690 1121 3758 de
1138 3691 1239 3759 Bello
1260 3692 1343 3762 Gal·

286 3817 370 3900 tico;
385 3817 521 3886 deinde
536 3822 578 3885 ut
595 3833 871 3904 exponamque
890 3817 1062 3904 consilio,
1079 3818 1190 3903 ouius
1209 3819 1342 3886 utilita-

285 3944 333 4012 tis
352 3961 432 4030 spe,
453 3942 500 4010 ad
519 3961 583 4012 eas
602 3942 834 4012 adhibendas
856 3943 1042 4012 adductus
1065 3943 1176 4012 fuerit
1195 3944 1340 4029 Caesar3

285 4073 476 4156 postremo
500 4073 541 4137 ut
573 4069 827 4138 demonstrem
855 4085 920 4137 eas
952 4086 1028 4137 non
1056 4069 1229 4156 indignas
1257 4087 1343 4139 esse

287 4194 448 4264 oratoria
457 4193 520 4261 illa
529 4193 798 4280 facultate,qua
812 4194 998 4263 Caesarem
1015 4194 1215 4280 praeditum
1225 4195 1343 4263 luisse

286 4321 442 4390 scimus.
480 4317 554 4388 Cur
580 4318 857 4389 Commentarios
876 4318 917 4386 de
938 4318 1040 4388 Bello
1065 4317 1170 4388 Civili
1187 4320 1227 4388 in
1245 4319 1344 4388 hane

285 4444 579 4516 controversiam
599 4463 675 4514 non
702 4463 890 4533 vocarem,
911 4462 955 4514 ea
973 4463 1089 4514 eausa
1107 4444 1188 4531 tuit,
1218 4463 1266 4514 ne
1290 4446 1345 4513 in-

285 4569 478 4658 vestigatio
494 4589 590 4659 mea,
612 4589 701 4641 oum
716 4571 828 4642 latius
841 4577 1048 4660 vagaretur,
1063 4571 1191 4642 miuus
1206 4577 1344 4643 attenta
