3168 5180
657 503 834 572 ..57-

213 670 310 739 ciem
335 675 519 740 exuerunt
544 669 777 753 hostilesque
805 669 953 735 animos
978 667 1176 736 manifesto
1196 685 1273 753 prae

213 771 254 855 se
284 789 460 856 tulerunt.
490 786 894 876 Dissimulavittamen
916 785 1085 853 dolorem
1110 789 1274 871 acceptae

212 913 373 998 injuriae,
395 931 518 998 neque
543 913 581 980 in
606 912 895 998 Eporedorigem
916 916 951 978 et
983 911 1272 996 Viridomarum,

212 1039 475 1132 adulescentes
507 1039 662 1124 AEduoS,
697 1055 795 1122 quos
824 1054 956 1104 secum
989 1037 1054 1103 diu
1091 1036 1275 1104 habuerat

211 1164 546 1248 benevolentiaque
562 1163 702 1233 foverat
721 1168 832 1247 atque
853 1161 1029 1247 dignitate
1050 1167 1213 1246 auxerat,
1227 1161 1273 1229 ab

213 1290 296 1376 ipso
316 1290 550 1375 postulantes
570 1294 610 1356 ut
630 1289 702 1356 sibi
725 1287 831 1355 fieret
855 1287 1018 1355 abeundi
1034 1286 1204 1372 facultas,
1227 1287 1274 1353 ad

213 1415 512 1484 confirmandam
542 1415 739 1499 civitatem,
775 1417 815 1481 ut
843 1414 914 1499 ipsi
948 1414 1107 1499 aiebant,
1146 1431 1274 1482 revera

213 1542 444 1609 maturandae
478 1540 698 1609 defectionis
736 1558 863 1624 causa,
898 1539 1111 1606 minacibus
1148 1539 1273 1618 verbis

214 1666 383 1734 invectus
404 1670 472 1751 est,
495 1666 562 1733 sed
577 1684 643 1733 eos
662 1664 934 1733 beneficiorum
950 1682 1108 1732 suorum
1129 1664 1273 1750 simpli-

213 1791 305 1859 citer
332 1791 498 1860 monuit:
529 1816 545 1853 «
574 1790 695 1858 ...Sua
713 1790 752 1856 in
771 1790 912 1856 AEduos
936 1790 1067 1856 merita
1086 1791 1271 1876 exposuit,

215 1942 231 1979 «
257 1935 354 2002 quos
375 1923 411 1986 et
430 1934 544 2003 quam
569 1916 732 1984 humiles
752 1915 971 2002 accepisset,
994 1912 1213 2004 compulsos
1233 1917 1271 1983 in

213 2069 230 2106 «
257 2045 405 2133 oppida,
430 2044 607 2113 multatos
628 2044 738 2129 agriS,
767 2043 944 2111 omnihus
979 2043 1115 2130 ereptis
1138 2044 1270 2130 cophe,

213 2195 230 2232 «
255 2171 431 2257 imposito
448 2169 647 2254 stipendio,
661 2169 858 2236 obsidibus
875 2186 1024 2235 summa
1040 2186 1128 2235 curn
1143 2174 1272 2236 contu-

213 2322 229 2359 «
255 2297 366 2363 melia
381 2295 547 2380 extortis,
568 2299 604 2362 et
623 2311 738 2379 quam
753 2294 791 2360 in
813 2293 1002 2362 fortunam
1022 2312 1212 2379 quamque
1233 2295 1271 2361 in

214 2447 230 2484 «
257 2422 540 2508 amplitudinem
561 2420 790 2505 deduxisset,
813 2425 853 2486 ut
874 2438 950 2486 non
972 2419 1096 2487 solum
1116 2421 1154 2487 in
1175 2421 1271 2506 pris-

213 2578 230 2615 «
254 2553 376 2619 tinum
397 2556 535 2619 statum
555 2551 753 2635 redissent,
776 2551 843 2618 sed
865 2551 1036 2618 omnium
1057 2556 1271 2639 temporum
1309 2580 1313 2587 ·

212 2704 229 2741 «
255 2677 470 2763 dignitatem
486 2680 522 2744 et
541 2677 694 2761 gratiam
715 2677 966 2749 antecessisse
984 2677 1201 2746 viderentur
1213 2679 1232 2744 ¹.
1252 2701 1269 2738 »

254 2803 369 2871 Ducis
394 2803 573 2870 virtutum
594 2803 804 2870 constantia
828 2803 989 2870 militum
1016 2803 1270 2872 certissimum

210 2931 433 3018 plerumque
450 2932 712 3012 argumentum
731 2933 798 2995 est.
822 2928 942 3010 Quam
963 2930 1010 2998 ob
1031 2948 1111 2997 rem
1124 2931 1268 3021 Caesar,

211 3059 251 3120 ut
270 3053 450 3140 optimam
482 3053 731 3138 imperatoriae
765 3072 845 3121 suae
876 3056 1103 3141 praestantiae
1128 3057 1271 3143 opinio-

210 3198 309 3266 nem,
331 3196 445 3265 quam
467 3178 592 3246 relatis
622 3179 855 3247 orationibus
885 3181 965 3248 suis
995 3200 1036 3248 se
1070 3183 1269 3251 allaturum

209 3306 394 3392 sperabat,
417 3309 580 3390 augeret,
597 3305 710 3372 verba
729 3306 905 3390 quaedam
925 3326 1082 3376 suorum
1102 3310 1160 3378 vel
1175 3311 1270 3396 lega-

210 3440 334 3502 torum
360 3434 419 3502 vel
447 3435 608 3502 militum
631 3435 793 3521 tradidit,
829 3437 969 3520 quibus
998 3436 1271 3508 demonstraret

209 3563 312 3648 quali
327 3563 366 3630 in
382 3564 508 3650 ipsum
524 3564 714 3632 voluntate
729 3570 944 3651 quantaque
960 3566 1101 3634 laboris
1119 3587 1162 3636 ac
1177 3571 1271 3655 peri·

210 3692 383 3761 culorum
402 3691 597 3760 tolerantia
616 3691 787 3760 tuissent.
820 3693 868 3763 Ut
889 3699 1071 3763 terrorem
1096 3695 1271 3765 Ariovisti

211 3836 332 3903 usque
362 3818 409 3885 ad
436 3817 632 3885 seditionis
659 3818 782 3886 minas
810 3825 1029 3905 provectum
1067 3822 1271 3908 deponeret

209 3943 407 4028 exercitus,
434 3941 515 4009 sola
542 3961 608 4029 per
628 3961 669 4011 se
689 3944 811 4012 effecit
831 3963 873 4012 ea
894 3946 1011 4014 oratio
1032 3947 1203 4034 Caesaris
1225 3969 1271 4018 ex

209 4089 284 4154 qua
298 4086 418 4155 pauca
433 4085 547 4153 supra
563 4068 773 4155 attulimus;
795 4071 937 4156 quique
958 4072 1057 4140 dicto
1073 4074 1269 4143 audientes

209 4212 285 4261 non
305 4193 384 4261 fore
411 4191 631 4260 dicebantur
650 4195 798 4276 milites
822 4198 847 4263 ii
867 4198 992 4265 statim
1012 4218 1078 4285 per
1097 4200 1269 4270 tribunos

209 4337 252 4385 ac
272 4317 513 4403 centuriones
533 4318 748 4404 imperatori
770 4321 1064 4393 satisfecerunt²z
1090 4350 1106 4387 «
1129 4325 1174 4394 Se
1198 4345 1269 4398 nec

238 4559 246 4594 1
262 4557 322 4619 vn,
336 4556 372 4618 or,
390 4557 403 4607 a
421 4570 458 4618 sq.
475 4583 502 4594 -
521 4557 565 4618 21,
580 4556 616 4619 u.
631 4558 651 4608 3.
