3152 5168
699 531 853 602 ...7.Β

143 701 146 706 ’
245 698 422 785 Fannius,
444 698 581 768 Caelius
600 695 802 784 Antipater,
825 689 1003 764 Claudius
1022 689 1301 778 Quadrigarius

245 825 440 894 Cornelius
456 823 627 909 Sisenna,
648 821 814 892 Licinius
830 819 965 905 Macer,
982 817 1128 887 habitas
1148 817 1194 886 ab
1219 816 1302 884 aliis

244 951 432 1020 orationes
458 957 496 1020 tn
515 947 716 1017 Annalibus
736 947 816 1016 suis
836 947 1097 1032 exposuerant.
1120 942 1301 1028 Reliquos

241 1077 317 1146 fere
337 1079 470 1146 omnes
490 1076 590 1144 idem
609 1074 746 1143 secisse
778 1091 839 1142 res
858 1077 917 1142 est
934 1089 1001 1158 per
1020 1089 1061 1139 se
1080 1088 1157 1139 non
1181 1070 1299 1138 incre·

242 1201 379 1272 dibilis
392 1201 485 1271 Cum
505 1219 551 1270 ex
564 1201 619 1268 eis
634 1200 832 1286 quosdam,
845 1198 893 1266 Μ.
905 1196 1095 1266 AEmilium
1115 1196 1298 1266 Scaurum

240 1328 385 1397 scilicet
412 1331 449 1395 et
467 1327 505 1394 P.
528 1326 709 1396 Rutilium
731 1324 870 1393 Rufum
898 1321 993 1405 etQ.
1020 1323 1208 1390 Lutatium
1235 1320 1298 1390 Ca·

149 1430 152 1437 ⁵
238 1453 361 1522 tulum
388 1457 425 1520 et
461 1452 500 1520 L.
532 1451 746 1521 Cornelium
769 1450 922 1538 Sullam,
947 1448 1224 1518 Commentarios
1241 1467 1297 1515 re·

240 1598 323 1649 unni
353 1597 501 1646 snnrnin
529 1577 791 1664 composuisse
826 1577 1004 1662 sciamus
1036 1575 1225 1662 praecipue
1250 1573 1296 1643 de

239 1705 375 1773 horum
394 1721 530 1790 genere
555 1722 599 1771 ac
618 1703 761 1771 ratione
787 1706 927 1771 certam
949 1701 1142 1771 notionem
1161 1705 1198 1770 et
1215 1718 1297 1788 per-

241 1830 544 1917 cipere‘velimus
563 1833 600 1897 et
621 1846 697 1897 non
717 1845 802 1897 esse
822 1827 933 1896 nobis
960 1831 1171 1915 promptam
1198 1827 1298 1897 dole-

241 1973 339 2024 mus.
362 1954 504 2023 Sullam
518 1959 643 2022 tamen
660 1954 892 2024 orationibus
908 1955 946 2022 in
962 1955 1173 2024 narratione
1188 1973 1298 2041 expo·

240 2083 322 2152 sitis
338 2100 414 2150 non
434 2079 663 2148 abstinuisse
682 2079 886 2149 admodum
905 2079 1097 2166 probabile
1116 2085 1185 2167 est,
1205 2099 1298 2166 quo·

241 2209 342 2276 niam
357 2205 580 2274 Plutarchus
598 2209 754 2273 testatur
772 2205 897 2292 ipsum
912 2224 972 2275 res
988 2223 1009 2274 a
1024 2224 1065 2275 se
1080 2211 1203 2292 gestas
1218 2224 1295 2275 non

241 2332 416 2401 adstricte
444 2329 679 2414 breviterque
712 2315 955 2417 contraxisse,
986 2331 1053 2400 sed
1081 2330 1232 2400 duobus
1260 2336 1297 2400 et

240 2457 368 2543 viginti
396 2454 502 2523 libris
524 2454 767 2540 explicavisse
791 2456 810 2523 ¹.
846 2454 998 2534 Minime
1023 2455 1135 2543 igitur
1162 2457 1298 2524 miran-

239 2583 331 2652 dum
350 2586 408 2650 est
430 2580 627 2667 Caesarem,
653 2598 741 2650 cum
761 2586 797 2650 et
815 2599 876 2650 res
900 2582 1006 2669 ipsae,
1027 2601 1123 2669 quas
1148 2601 1298 2670 compo·

239 2709 363 2793 nebat,
385 2723 472 2774 eum
492 2705 739 2793 hortarentur,
761 2711 798 2775 et
821 2708 990 2795 exempla
1016 2707 1295 2797 confirmarent,

242 2833 426 2920 imprimis
446 2831 595 2900 Catonis
615 2836 738 2918 atque,
760 2831 792 2898 si
811 2849 898 2900 vere
920 2832 1158 2921 conjicimus
1182 2834 1296 2904 Sullae

240 2976 405 3046 quoque,
428 2957 595 3025 animum
620 2956 813 3025 induxisse
831 2956 881 3045 {ut
899 2959 1088 3028 orationes
1110 2958 1295 3028 Conmen-

240 3085 338 3154 tariis
358 3083 438 3152 suis
458 3082 499 3150 de
517 3081 616 3150 Bello
634 3082 768 3152 Gallico
784 3084 975 3154 insereret.

284 3209 376 3292 Quis
408 3226 496 3277 vero
530 3207 656 3276 credat
683 3227 913 3295 quemquam
946 3229 991 3279 ex
1028 3211 1205 3280 omnibus
1238 3212 1296 3280 vel

240 3334 382 3404 Graecis
401 3333 459 3402 vel
478 3333 658 3402 Romanis
673 3351 799 3403 rerum
819 3335 1066 3422 scriptoribus
1095 3337 1189 3406 adeo
1209 3355 1297 3406 con-

242 3464 383 3529 stanter
423 3475 567 3527 morem
600 3457 706 3526 illum
744 3460 1002 3548 usurpavisse,
1038 3466 1094 3549 ut,
1134 3463 1296 3549 quoties·

241 3601 405 3670 cumque
425 3583 543 3652 oratio
563 3582 688 3651 habita
706 3583 828 3670 luerit,
852 3601 935 3654 eam
962 3584 1150 3655 retulerit‘l
1174 3587 1295 3656 Facile

241 3714 370 3778 contra
401 3707 643 3776 animadverti
670 3712 804 3795 potest,
835 3710 867 3778 si
902 3710 988 3795 quis
1021 3729 1152 3780 eorum
1185 3729 1298 3800 opera

240 3833 428 3921 perspicit,
458 3851 572 3919 quam
603 3835 740 3902 multas
765 3837 1083 3922 praetermiserint.
1116 3835 1223 3919 Quod
1242 3858 1297 3907 ra·

239 3961 332 4028 tioni
347 3959 507 4028 maxime
522 3965 818 4030 consentaneum
834 3966 901 4030 est.
924 3961 1119 4031 Orationes
1138 3964 1240 4032 enim
1259 3965 1297 4032 in

237 4085 342 4154 libris
363 4090 629 4173 exposuerunt,
651 4104 727 4154 non
752 4091 828 4154 tam
853 4092 894 4155 ut
914 4087 1151 4178 verissimam
1171 4107 1297 4158 rerum

237 4217 425 4299 gestarum
444 4213 606 4298 vitaeque
622 4190 798 4282 humanae
817 4213 1017 4301 imaginem
1032 4214 1294 4302 exprimerent,

238 4356 355 4424 quam·
385 4342 426 4405 ut
452 4337 638 4424 praefinito
665 4339 814 4410 cuidam
836 4339 995 4410 consilio
1017 4340 1241 4410 inservirent
1261 4346 1298 4410 et

268 4586 279 4622 ¹
296 4585 337 4638 Of.
354 4586 423 4638 rtur.
437 4588 523 4649 Sulla,
542 4589 579 4641 37.
