3168 5180
667 526 712 538 ..
733 483 779 572 93
799 525 844 538 -

225 649 408 739 historiis,
430 652 497 721 toti
518 651 729 732 orationum
750 651 897 738 rationi,
927 668 1013 737 quae
1038 669 1083 734 ex
1107 651 1190 740 ipsa
1211 668 1288 742 ma»

225 779 326 848 leriae
346 783 480 848 natura
493 778 615 866 plane,
638 784 679 846 ut
698 779 748 847 ita
763 779 899 865 dicam,
916 777 1142 865 profluxisse
1159 777 1286 878 videqr

161 935 164 940 ·
224 911 296 993 tur,
323 906 456 976 subest
488 905 681 992 quoddam
714 907 824 991 quasi
862 904 1062 976 artificium
1090 911 1136 974 et
1166 905 1285 1005 magis

224 1033 461 1102 reconditum
480 1033 727 1120 propositum.

268 1160 366 1229 illud
399 1179 487 1229 vero
516 1159 717 1229 artificium
746 1158 872 1245 ceteri,
907 1157 973 1244 qui
1002 1157 1156 1243 quidem
1175 1157 1285 1235 nobis

225 1289 386 1357 maxime
415 1293 504 1358 sunt
522 1288 703 1374 insignes,
725 1285 774 1370 ad
791 1284 959 1354 historiae
985 1284 1181 1354 utilitatem
1200 1303 1288 1362 con·

224 1418 427 1500 verterunt,
458 1418 499 1482 ut
530 1414 681 1502 plenam
703 1411 983 1497 dilucidamque
1020 1427 1159 1498 rerum,
1191 1428 1286 1497 quas

226 1540 528 1627 conscribebant,
556 1539 842 1626 explicationem
865 1536 1069 1623 legentium
1097 1535 1287 1621 mentibus

226 1670 498 1753 proponerent3
520 1669 632 1752 atque
646 1683 691 1733 eo
707 1663 867 1733 consilio
887 1664 1001 1733 falsas
1021 1662 1206 1749 quasdam
1224 1661 1288 1730 fic·

226 1797 360 1878 tasque
381 1809 402 1860 a
422 1810 464 1860 se
477 1795 602 1878 partes
622 1790 858 1877 addiderunt,
875 1795 917 1859 ut
931 1791 1018 1859 inde
1032 1793 1148 1861 totius
1163 1791 1287 1880 operis
1398 1827 1400 1832 ·

227 1917 347 2002 major
362 1917 643 2003 quodammodo
662 1917 768 1986 fieret
780 1920 936 2005 veritas3
953 1938 1041 1989 cum
1061 1920 1186 1990 Caesar
1200 1937 1288 1990 con·

225 2048 282 2110 tra
301 2043 339 2109 id
359 2059 480 2111 unum
503 2043 637 2112 eodem
658 2043 815 2113 artificio
848 2045 1074 2130 quaesiverit,
1101 2051 1142 2115 ut
1173 2062 1286 2114 suum

226 2167 471 2234 commodum
491 2171 639 2235 curaret
658 2172 769 2253 atque
785 2175 946 2254 augeret.
969 2167 1061 2250 Quae
1080 2166 1288 2236 differentia

226 2310 303 2360 non
323 2291 449 2359 solum
465 2310 486 2360 a
500 2296 711 2361 ceterorum
727 2293 962 2362 orationibus
977 2293 1136 2370 Caesaris
1157 2292 1289 2365 oratio·

115 2465 122 2496 .-,
226 2430 295 2487 nes
315 2419 457 2506 dividit,
483 2421 684 2491 sedetiam
711 2421 825 2505 hujus
848 2419 1125 2491 Commentarios
1145 2422 1191 2492 ab
1209 2421 1289 2510 illo

226 2564 311 2632 rum
330 2545 508 2615 historiis

269 2646 443 2742 Attamen
463 2671 632 2760 plerique
652 2691 783 2742 eorum
803 2692 879 2742 non
896 2673 1051 2742 omnino
1080 2673 1140 2743 sui
1158 2674 1288 2744 imme·

226 2815 351 2866 morcs
390 2802 501 2883 atque
520 2798 559 2865 in
598 2798 735 2866 famam
762 2798 1000 2886 neglegentes
1032 2799 1148 2888 fuere,
1171 2798 1287 2866 immo

226 2941 380 3009 operam
399 2922 532 2993 sedulo
553 2924 738 2996 dederunt
756 2929 798 2992 ut
820 2924 1039 2995 hominibus
1076 2922 1288 3010 aequalibus

225 3049 465 3136 posterisque
484 3049 698 3136 praestantis
718 3049 858 3136 ingenii
889 3049 1116 3123 documenta
1147 3050 1289 3136 praebc·

225 3179 320 3262 rent,
350 3175 465 3261 idque
485 3194 573 3246 curn
606 3177 645 3244 in
684 3175 862 3245 omnibus
890 3175 1072 3246 librorum
1105 3177 1287 3264 partibus

225 3306 309 3382 tum
326 3301 567 3388 potissimum
582 3303 620 3370 in
641 3302 875 3374 orationibus
895 3302 1075 3372 fecerunt.
1099 3302 1289 3392 Quaprop-

226 3432 282 3497 ter
309 3427 594 3497 accuratissima
622 3429 813 3516 diligentia
837 3429 1070 3516 conscriptas
1099 3429 1288 3502 orationes

226 3559 263 3624 et
289 3553 436 3623 eximiis
465 3554 691 3641 eloquentiae
721 3555 952 3624 ornamentis
981 3556 1221 3642 splendentes
1249 3556 1287 3634 in

226 3679 439 3754 narratione
474 3698 602 3748 rerum
633 3681 890 3768 inseruerunt,
926 3699 1012 3766 quae
1048 3698 1124 3749 non
1162 3680 1287 3751 solum

226 3806 394 3876 historiae
424 3806 621 3878 utilitatem
649 3826 764 3894 quarn
784 3808 896 3896 paulo
918 3825 1033 3894 supra
1052 3807 1287 3876 demonstra-

226 3934 364 4020 vimuS,
377 3933 446 4010 sed
461 3934 573 4016 etiam
592 3934 760 4004 historiae
779 3935 923 4004 auctori
942 3932 1143 4008 oratoriam
1158 3952 1288 4020 quam·

228 4060 315 4130 dam
340 4059 491 4128 laudem
516 4061 808 4147 suppeditarent.
845 4061 961 4146 Cuius
989 4060 1092 4129 modi
1118 4057 1287 4130 studium

227 4187 366 4256 Caesari
395 4186 541 4255 nullum
579 4187 659 4256 fuit.
692 4188 763 4258 Ubi
801 4187 901 4256 enirn
941 4186 1217 4258 Commentarios
1246 4186 1287 4254 da

224 4312 325 4383 Bello
348 4311 482 4382 Gallico
503 4313 629 4400 edidit,
650 4313 744 4381 illud
763 4313 948 4401 expetivit,
970 4331 1046 4382 non
1066 4319 1108 4382 ut
1124 4314 1286 4402 peritum

227 4439 451 4526 scriptorem
469 4443 506 4506 et
520 4444 719 4526 oratorem,
741 4439 809 4506 sed
834 4442 876 4505 ut
898 4438 1229 4540 egregium-civem
1250 4444 1287 4526 et

227 4566 490 4653 imperatorem
523 4566 650 4651 ipsum
683 4581 768 4632 esse
801 4563 1055 4650 existimarent
1082 4564 1183 4643 ciues
1211 4565 1285 4653 sui,
