3168 5180
678 544 854 611 ..45-

233 727 417 796 vetiorum
437 726 549 813 bello,
572 725 609 792 L.
635 726 764 794 Cassio
791 725 961 810 consule,
980 729 1143 811 acceptae
1163 744 1205 791 :t
1230 724 1296 792 His

235 879 251 914 «
277 854 422 940 (legatis
442 852 697 920 Helvetiorum
713 852 926 920 minacibus
945 853 1069 920 verbis
1088 869 1221 937 pacem
1236 869 1297 937 pe-

235 1002 251 1039 «
278 977 454 1065 tentibus)
470 976 596 1045 Caesar
610 976 660 1044 ita
679 977 897 1062 respondit:
920 975 973 1045 Eo
993 977 1064 1044 sibi
1081 977 1209 1044 minus
1231 977 1298 1043 du-

236 1127 252 1164 «
276 1101 469 1169 bitationis
490 1101 582 1187 dari,
601 1102 704 1184 quod
725 1119 788 1168 eas
804 1119 877 1187 res,
899 1120 994 1186 quas
1015 1101 1124 1187 legati
1141 1082 1296 1168 Helvetii

236 1251 252 1289 «
278 1232 642 1295 corrrmemorassent
660 1227 888 1313 (Cassianam
922 1227 1094 1314 cladem),
1116 1227 1298 1293 memoria

235 1374 251 1417 u
278 1357 431 1438 teneret,
454 1358 566 1436 atque
595 1371 639 1420 eo
668 1354 817 1438 gravius
850 1352 957 1436 ferre,
980 1371 1055 1437 quo
1077 1353 1203 1419 minus
1223 1369 1298 1419 me-

235 1503 252 1542 «
280 1478 350 1545 rito
374 1478 505 1564 populi
534 1478 694 1546 Romani
723 1478 974 1546 accidissent:
998 1478 1063 1562 qui
1084 1478 1115 1545 si
1136 1477 1297 1563 alicujus

235 1629 252 1666 «
278 1603 425 1689 inJ‘uriae
446 1603 519 1672 sihi
543 1604 722 1671 conscius
746 1602 891 1690 fuisset,
914 1622 990 1671 non
1013 1604 1130 1671 fuisse
1146 1602 1297 1670 difficile

235 1754 252 1791 «
278 1747 428 1815 cavere;
455 1729 523 1797 sed
542 1747 587 1797 eo
610 1730 822 1816 deceptum,
850 1730 953 1815 quod
976 1748 1098 1815 neque
1123 1729 1299 1797 commis-

236 1882 253 1918 «
280 1874 402 1924 suma
428 1875 469 1924 se
491 1856 733 1943 intellegeret,
750 1875 867 1942 quare
887 1857 1045 1943 timeret,
1072 1874 1196 1941 neque
1217 1855 1299 1925 sine

235 2000 395 2049 «causa
419 1982 628 2050 timendum
648 1986 794 2068 putaret
816 1982 836 2049 1.
869 2006 885 2044 »
917 1982 987 2063 Qui
1015 1982 1090 2050 sint
1123 1982 1298 2050 amicitiae

233 2108 363 2194 populi
383 2108 542 2175 Romani
563 2108 721 2195 fructus
750 2097 809 2176 his
831 2109 957 2176 verbis
981 2128 1002 2176 a
1031 2109 1177 2178 Caesare
1197 2107 1297 2195 apud

233 2232 463 2301 Ariovistum
480 2233 587 2301 factis
607 2233 891 2320 magnificenter
911 2234 1121 2302 declaratur
1136 2249 1148 2287 2
1166 2255 1173 2302 :
1200 2257 1216 2297 «
1233 2233 1300 2302 Po·

236 2385 252 2423 «
278 2360 357 2447 puli
377 2360 537 2427 Romani
553 2358 651 2426 hano
666 2378 750 2428 esse
767 2359 1093 2444 consuetudinem,
1116 2365 1157 2428 ut
1171 2360 1298 2428 socios

235 2511 252 2547 «
279 2490 390 2570 atque
411 2485 554 2552 amicos
574 2502 651 2551 non
671 2486 784 2554 modo
801 2485 860 2553 sui
881 2486 972 2552 nihil
993 2486 1207 2572 deperdere,
1230 2479 1297 2554 sed

235 2612 405 2699 «gratia,
441 2611 630 2699 dignitate,
665 2612 809 2679 honore
849 2612 1036 2680 auctiores
1068 2611 1156 2680 velit
1184 2623 1292 2679 esse:

234 2760 250 2802 «
277 2737 381 2822 quod
400 2755 488 2805 vero
509 2738 555 2804 ad
576 2736 779 2805 amicitiam
805 2737 935 2823 popuii
967 2737 1126 2805 Romani
1156 2737 1296 2805 attulis·

235 2887 251 2925 «
278 2869 373 2949 sent,
387 2862 425 2930 id
436 2863 482 2930 iis
494 2863 586 2948 eripi
601 2863 688 2948 quis
703 2863 778 2949 pati
793 2863 947 2948 posset‘?
963 2887 979 2924 »
995 2861 1105 2949 Apud
1120 2864 1296 2932 eumdem
1409 2855 1414 2863 ’

230 2985 459 3055 Ariovistum
475 2986 622 3055 firmam
638 3005 723 3054 esse
739 2991 774 3054 et
789 2987 961 3056 stabilem
976 2987 1078 3054 illam
1094 2988 1295 3056 amicitiam

231 3110 471 3177 asseverat³z
496 3132 512 3170 «
538 3107 670 3204 Neque
699 3125 809 3176 suam
833 3126 956 3193 neque
986 3109 1115 3195 populi
1136 3108 1295 3177 Romani

234 3261 250 3299 «
280 3234 595 3304 consuetudinem
620 3233 707 3321 pati,
731 3235 937 3320 utioptime
958 3240 1145 3304 merentes
1165 3236 1295 3304 socios

233 3385 249 3424 «
275 3357 438 3446 (AEduos)
458 3358 657 3427 desereret.
683 3379 699 3423 u
731 3357 901 3427 Ostendit
926 3360 1039 3445 paulo
1060 3359 1155 3427 infra
1174 3359 1212 3426 in
1233 3377 1295 3426 ea·

228 3485 313 3552 dem
343 3484 510 3552 oratione
536 3484 665 3570 populi
695 3484 855 3551 Romani
875 3502 961 3570 erga
986 3484 1107 3552 victos
1132 3485 1294 3553 clemen-

230 3612 332 3697 tiam,
361 3610 425 3695 qui
454 3628 530 3677 non
556 3610 683 3677 omnia
701 3628 768 3695 pro
796 3629 866 3678 suo
893 3609 976 3694 jure
1001 3629 1108 3696 agere
1135 3627 1292 3679 necesse

230 3731 391 3804 habet⁵:
416 3736 556 3804 «Bello
578 3741 774 3822 superatos
801 3754 885 3805 esse
911 3736 1099 3804 Arvernos
1126 3742 1161 3805 et
1182 3737 1293 3805 Rute-

231 3885 247 3925 «
274 3879 344 3929 nos
366 3861 411 3928 ab
432 3861 473 3942 Q.
492 3861 605 3929 Fabio
627 3861 799 3948 Maximo,
817 3863 958 3947 quibus
973 3863 1138 3948 populus
1158 3863 1293 3931 Roma-

231 4014 247 4052 «
274 4007 347 4056 nus
363 3988 578 4074 ignovisset,
611 4006 734 4074 neque
763 3989 800 4055 in
821 3989 1052 4075 provinciam
1072 3988 1290 4076 redegisset,

231 4137 246 4176 «
273 4131 396 4198 neque
412 4103 642 4198 stipendium
676 4113 930 4200 imposuisset.
955 4115 1083 4183 »Cum
1104 4115 1291 4200 ejusmodi

228 4239 275 4306 sit
290 4239 419 4324 populi
435 4239 596 4307 Romani
611 4239 770 4327 indoleS,
787 4241 874 4325 quis
889 4241 1016 4308 mirari
1031 4241 1153 4326 possit
1172 4241 1292 4310 Caesa-

228 4381 306 4431 rem
323 4368 425 4431 tanta
444 4381 532 4431 eum
556 4365 762 4432 reverentia
782 4365 918 4450 colere,
939 4369 1041 4432 tanto
1061 4383 1188 4433 amore
1208 4367 1291 4433 dili-

256 4587 297 4652 11,
322 4585 1041 4652 n,rsq.-21‚43,a.-21,45‚r.-⁴1,45‚2
